id,name,buyerName,pricePerUnit,quantity,timestamp,universalisUrl
1602,Bronze Bastard Sword,Mae Zarya,700000,1,2023-12-05T17:04:42.000Z,https://universalis.app/market/1602
2,Fire Shard,Azie Emet,300001,1,2023-12-12T04:31:09.000Z,https://universalis.app/market/2
5,Earth Shard,Jaibi Snow,175,55,2023-12-04T01:17:08.000Z,https://universalis.app/market/5
5056,Bronze Ingot,Astray Eclipse,750,18,2023-11-25T15:40:25.000Z,https://universalis.app/market/5056
5361,Maple Lumber,Aenyxtheis Elyseios,750,2,2023-11-26T02:46:42.000Z,https://universalis.app/market/5361
5432,Bone Chip,Wick Acre,250,20,2023-11-26T16:01:25.000Z,https://universalis.app/market/5432
1603,Viking Sword,Marielle Glace,10000000,1,2023-12-06T03:00:40.000Z,https://universalis.app/market/1603
5275,Leather,Myren Astaseul,755,1,2023-12-19T23:40:04.000Z,https://universalis.app/market/5275
1604,Ash Macuahuitl,Thane Kholin,6000,1,2023-12-01T21:37:58.000Z,https://universalis.app/market/1604
3,Ice Shard,Sagitario Reynosok,175,55,2023-12-09T17:46:16.000Z,https://universalis.app/market/3
4,Wind Shard,Canadian Doge,175,55,2023-12-03T22:30:58.000Z,https://universalis.app/market/4
5124,Obsidian,Rishu Syer,155,20,2023-12-07T05:23:18.000Z,https://universalis.app/market/5124
5364,Ash Lumber,Astray Eclipse,15000,2,2023-11-25T16:13:07.000Z,https://universalis.app/market/5364
1605,Bronze Spatha,Shoko Ieiri,36900,1,2023-12-01T00:19:47.000Z,https://universalis.app/market/1605
5276,Hard Leather,Purah Fallenstar,418,3,2023-11-23T21:53:50.000Z,https://universalis.app/market/5276
5434,Ram Horn,Lucien Hagall,500000,1,2023-12-08T23:58:32.000Z,https://universalis.app/market/5434
1607,Brass Bastard Sword,Halala Masala,10000,1,2023-11-26T08:54:43.000Z,https://universalis.app/market/1607
5063,Brass Ingot,Mephisto Baelfire,5500,6,2023-12-17T04:25:19.000Z,https://universalis.app/market/5063
1609,Brass Viking Sword,Karyn Ava,2500,1,2023-11-26T06:05:29.000Z,https://universalis.app/market/1609
5277,Aldgoat Leather,Redd Vampirus,5000,2,2023-12-10T11:40:42.000Z,https://universalis.app/market/5277
1611,Carnage Sword,Barnabas Lasbrot,900,1,2023-11-26T01:54:06.000Z,https://universalis.app/market/1611
1614,Iron Shortsword,Karyn Ava,1500,1,2023-11-27T00:14:50.000Z,https://universalis.app/market/1614
5057,Iron Ingot,Tyrocco Vandirk,1000,20,2023-12-15T02:14:02.000Z,https://universalis.app/market/5057
5367,Elm Lumber,Dorian Forbess,1500,1,2023-12-02T04:49:09.000Z,https://universalis.app/market/5367
1622,Iron Spatha,Stacy Uptime,250,1,2023-12-06T21:31:26.000Z,https://universalis.app/market/1622
5435,Antelope Horn,Bora Jeonsa,900,2,2023-11-24T22:21:30.000Z,https://universalis.app/market/5435
1625,Steel Broadsword,Xeos Xeor,12000,1,2023-11-27T00:53:02.000Z,https://universalis.app/market/1625
5058,Steel Ingot,Kimberly Greywolfe,9900,1,2023-12-12T10:48:48.000Z,https://universalis.app/market/5058
5371,Walnut Lumber,Krusos Aureus,1525,11,2023-12-06T20:47:16.000Z,https://universalis.app/market/5371
5444,Wolf Fang,Zaya Qestir,1550,90,2023-12-14T21:01:20.000Z,https://universalis.app/market/5444
1627,Elm Macuahuitl,Exeo Ryoth,828,1,2023-12-17T17:06:03.000Z,https://universalis.app/market/1627
1633,Steel Falchion,Puan Maharana,25000,1,2023-12-04T03:44:28.000Z,https://universalis.app/market/1633
5260,Siltstone Whetstone,Miso Moonbourne,5000,80,2023-11-29T10:39:34.000Z,https://universalis.app/market/5260
1635,Vintage Bastard Sword,Alt One,10250,1,2023-12-13T21:50:08.000Z,https://universalis.app/market/1635
8,Fire Crystal,Divinix Windstar,85,1000,2023-11-25T22:29:05.000Z,https://universalis.app/market/8
1606,Blunt Bastard Sword,Eden Tarn,10000,1,2023-11-27T07:30:52.000Z,https://universalis.app/market/1606
5259,Mudstone Whetstone,Savannah Violet,2998,1,2023-11-28T02:20:44.000Z,https://universalis.app/market/5259
1637,Walnut Macuahuitl,Hazel Owsla,7498,1,2023-11-26T01:40:53.000Z,https://universalis.app/market/1637
5125,Wyvern Obsidian,Unkupo Zeno,401,20,2023-12-06T15:59:51.000Z,https://universalis.app/market/5125
1639,Steel Longsword,Azriel Mithrandir,8500,1,2023-12-07T03:53:28.000Z,https://universalis.app/market/1639
5504,Fish Glue,Axewyb Beegeimwyn,900,1,2023-12-03T21:42:37.000Z,https://universalis.app/market/5504
1642,Goblin Scimitar,God Sasori,35000,1,2023-11-30T18:07:52.000Z,https://universalis.app/market/1642
1643,Mythril Broadsword,Ziforia Faylinn,15000,1,2023-11-29T18:10:09.000Z,https://universalis.app/market/1643
5065,Mythril Ingot,Petrichor Tia,10000,1,2023-12-16T15:53:04.000Z,https://universalis.app/market/5065
5373,Oak Lumber,Shin Takeru,5000,10,2023-12-05T01:35:36.000Z,https://universalis.app/market/5373
1648,Vintage Viking Sword,Telesa Hwynn,35000,1,2023-11-28T01:13:17.000Z,https://universalis.app/market/1648
11,Earth Crystal,Joxe Valfre,175,55,2023-12-04T09:18:16.000Z,https://universalis.app/market/11
5262,Basilisk Whetstone,Bunini Buni,3500,10,2023-11-26T06:20:32.000Z,https://universalis.app/market/5262
1650,Plumed Oak Macuahuitl,Kermit The'frog,2425,1,2023-11-24T22:01:38.000Z,https://universalis.app/market/1650
5360,Wildfowl Feather,Omar Little,1000,2,2023-12-15T16:42:44.000Z,https://universalis.app/market/5360
1657,Cobalt Katzbalger,Zero Amiya,22000,1,2023-11-27T16:54:28.000Z,https://universalis.app/market/1657
5059,Cobalt Ingot,Nihilun Vale,15000,1,2023-12-17T22:50:30.000Z,https://universalis.app/market/5059
5066,Electrum Ingot,Asas Quatch,15000,1,2023-12-18T20:03:24.000Z,https://universalis.app/market/5066
5282,Boar Leather,Winters Snowfall,18000,1,2023-12-19T06:04:51.000Z,https://universalis.app/market/5282
1659,Cobalt Shamshir,Coleman Qedashin,49999,1,2023-11-23T05:08:33.000Z,https://universalis.app/market/1659
5436,Aldgoat Horn,Estella Stormstar,1000,4,2023-12-18T03:44:26.000Z,https://universalis.app/market/5436
1663,Cobalt Winglet,Sinafay T'sarran,50000,1,2023-12-10T01:51:54.000Z,https://universalis.app/market/1663
5374,Mahogany Lumber,Caelenn Hyrell,4500,6,2023-12-11T16:03:20.000Z,https://universalis.app/market/5374
5465,Sunrise Tellin,Eric Anthony,899,11,2023-11-23T02:46:01.000Z,https://universalis.app/market/5465
5505,Horn Glue,Estella Stormstar,10700,1,2023-12-18T03:44:06.000Z,https://universalis.app/market/5505
1666,Giantsgall Longsword,Esme Tyata,4950,1,2023-12-12T12:38:57.000Z,https://universalis.app/market/1666
18,Lightning Cluster,Amber Wood,300,600,2023-12-04T18:58:38.000Z,https://universalis.app/market/18
19,Water Cluster,Kerttu Laerke,300,600,2023-12-16T11:48:22.000Z,https://universalis.app/market/19
7620,Diluted Vitriol,Luluru Noluru,398,2,2023-12-20T06:42:01.000Z,https://universalis.app/market/7620
1670,Aeolian Scimitar,Yukina Luz,32948,1,2023-12-08T06:10:36.000Z,https://universalis.app/market/1670
1636,Blunt Aeolian Scimitar,Mae Zarya,2500000,1,2023-12-05T22:35:50.000Z,https://universalis.app/market/1636
5061,Darksteel Nugget,Tempest Celest,3599,3,2023-11-23T08:07:48.000Z,https://universalis.app/market/5061
1673,Mailbreaker,Cat Tippings,4500,1,2023-11-24T23:37:04.000Z,https://universalis.app/market/1673
14,Fire Cluster,Mr Reyes',300,100,2023-12-08T06:23:55.000Z,https://universalis.app/market/14
17,Earth Cluster,Ultima Stormbringer,200,50,2023-11-24T21:31:53.000Z,https://universalis.app/market/17
5068,Rose Gold Nugget,Keygon Drakenguard,100000,1,2023-11-25T18:52:48.000Z,https://universalis.app/market/5068
5288,Hippogryph Leather,Sgt Combustable,7777,7,2023-11-28T12:47:30.000Z,https://universalis.app/market/5288
5570,Mailbreaker Blade,Didri Winterset,2000,1,2023-12-16T02:47:33.000Z,https://universalis.app/market/5570
1681,Bone Hora,Jen Booty,19850,1,2023-11-26T21:36:44.000Z,https://universalis.app/market/1681
5318,Animal Sinew,Folly Crown,999,2,2023-12-15T22:25:53.000Z,https://universalis.app/market/5318
1682,Leather Himantes,Keane Walker,500,1,2023-12-04T01:57:05.000Z,https://universalis.app/market/1682
5324,Undyed Hempen Cloth,Happy Fellow,400,2,2023-12-07T06:30:48.000Z,https://universalis.app/market/5324
1683,Ramhorn Claws,Dino Punch-kick,480,1,2023-11-24T19:12:39.000Z,https://universalis.app/market/1683
1684,Bronze Knuckles,Sigurd Snow-hair,20000,1,2023-12-16T22:05:40.000Z,https://universalis.app/market/1684
1685,Hard Leather Himantes,Nawdie D'fun,511,1,2023-12-01T15:53:05.000Z,https://universalis.app/market/1685
1686,Brass Knuckles,Rin Chii,7000,1,2023-11-27T22:19:04.000Z,https://universalis.app/market/1686
1688,Goatskin Cesti,Karyn Ava,1399,1,2023-11-26T06:04:36.000Z,https://universalis.app/market/1688
5319,Beast Sinew,Seph Delarosa,1000,4,2023-11-25T00:39:33.000Z,https://universalis.app/market/5319
1694,Spiked Knuckles,Delru Gerrik,4238,1,2023-11-24T03:04:53.000Z,https://universalis.app/market/1694
5072,Iron Plate,Cipher Mss,1000,2,2023-12-13T16:13:36.000Z,https://universalis.app/market/5072
1697,Toadskin Cesti,Exeo Ryoth,1100,1,2023-12-04T16:37:19.000Z,https://universalis.app/market/1697
5280,Toad Leather,Totoro Lito,2500,1,2023-11-25T19:52:23.000Z,https://universalis.app/market/5280
5320,Diremite Sinew,Aquaphoenix Down,1700,42,2023-12-15T15:06:41.000Z,https://universalis.app/market/5320
1699,Steel Claws,Avim Hald,19999,1,2023-12-17T04:20:07.000Z,https://universalis.app/market/1699
5073,Steel Plate,Nicolette Duclare,1500,2,2023-12-06T05:08:28.000Z,https://universalis.app/market/5073
1706,Crabshell Hora,Vayshan Amortune,13000,1,2023-12-07T11:30:29.000Z,https://universalis.app/market/1706
5321,Hippogryph Sinew,Otis Sosotis,1000,2,2023-11-24T23:56:02.000Z,https://universalis.app/market/5321
5456,Green Megalocrab Shell,Sa'ab Draken,200000,1,2023-12-17T07:58:47.000Z,https://universalis.app/market/5456
1708,Boarskin Himantes,Zoey Valentine,50000,1,2023-12-02T08:09:49.000Z,https://universalis.app/market/1708
1711,Mythril Claws,Umbra Ardere,26999,1,2023-11-26T07:24:35.000Z,https://universalis.app/market/1711
5079,Mythril Plate,Malothe Allanbright,5003,2,2023-12-07T03:24:38.000Z,https://universalis.app/market/5079
1716,Tortoiseshell Hora,Air Eeo,18000,1,2023-12-07T04:28:21.000Z,https://universalis.app/market/1716
5322,Raptor Sinew,Dark Midnight,15000,1,2023-12-14T09:57:03.000Z,https://universalis.app/market/5322
5458,Adamantoise Shell,Odesa Lockhart,10,1,2023-12-19T08:12:54.000Z,https://universalis.app/market/5458
1723,Cobalt Knuckles,Illustrious Clyne,40000,1,2023-11-26T14:29:08.000Z,https://universalis.app/market/1723
5284,Peiste Leather,Shizuka Inozuka,2499,1,2023-11-28T00:22:26.000Z,https://universalis.app/market/5284
1732,Vintage Hora,Umbra Ardere,20000,1,2023-11-29T05:26:54.000Z,https://universalis.app/market/1732
5285,Raptor Leather,Alkali Krylios,1002,1,2023-11-27T11:53:12.000Z,https://universalis.app/market/5285
1733,Cobalt Claws,Von Grim,75000,1,2023-12-14T19:50:44.000Z,https://universalis.app/market/1733
5074,Cobalt Plate,Rheina Cha,5000,1,2023-11-23T01:15:35.000Z,https://universalis.app/market/5074
1736,Giantsgall Claws,Repede San,1250,1,2023-12-17T00:24:53.000Z,https://universalis.app/market/1736
1740,Wildling's Cesti,Esugen Dalamar,20128,1,2023-11-30T17:51:46.000Z,https://universalis.app/market/1740
10,Wind Crystal,Akemiko Ishikama,175,55,2023-12-10T06:40:29.000Z,https://universalis.app/market/10
5567,Bloody Cesti Covers,Ms Eldari,2114,1,2023-12-01T10:36:04.000Z,https://universalis.app/market/5567
1743,Avengers,Cat Twinnings,2964,1,2023-11-24T23:27:02.000Z,https://universalis.app/market/1743
5378,Spruce Lumber,Dingy Dingus,5000,10,2023-12-10T19:39:34.000Z,https://universalis.app/market/5378
5571,Avenger Grips,Cedrik Winterbane,2000,2,2023-12-01T05:00:34.000Z,https://universalis.app/market/5571
1750,Bronze War Axe,Monka Finna'gonna,2968,1,2023-11-30T08:00:29.000Z,https://universalis.app/market/1750
1751,Bronze Labrys,Sylveine Maelstrom,200,1,2023-12-02T21:54:39.000Z,https://universalis.app/market/1751
1752,Cloud Axe,Dino Punch-kick,1999,1,2023-11-24T23:29:07.000Z,https://universalis.app/market/1752
1753,Spiked Bronze Labrys,Mephisto Baelfire,8997,1,2023-12-17T03:47:06.000Z,https://universalis.app/market/1753
1754,Iron War Axe,Dex Cleaver,10000,1,2023-11-24T19:55:04.000Z,https://universalis.app/market/1754
1756,Iron Labrys,Michelle Aveline,3499,1,2023-12-10T05:42:56.000Z,https://universalis.app/market/1756
1758,Inferno Axe,Penta Nox,3075,1,2023-12-03T22:13:13.000Z,https://universalis.app/market/1758
1764,Iron Bill,Black Bunny,2026,1,2023-12-17T04:02:12.000Z,https://universalis.app/market/1764
4856,Clove Oil,Xzidanex Fair,1140,7,2023-12-07T08:10:38.000Z,https://universalis.app/market/4856
5368,Yew Lumber,Autumn Dawn,2183,1,2023-11-26T23:43:16.000Z,https://universalis.app/market/5368
1766,Thunderstorm Axe,Arturius Blackheart,1000,1,2023-11-26T11:34:18.000Z,https://universalis.app/market/1766
5064,Silver Ingot,Bunini Buni,4000,1,2023-11-26T04:42:29.000Z,https://universalis.app/market/5064
1769,Spiked Steel Labrys,Arturius Blackheart,6000,1,2023-11-28T21:44:03.000Z,https://universalis.app/market/1769
1776,Steel Bardiche,Xeos Xeor,22000,1,2023-11-27T00:48:40.000Z,https://universalis.app/market/1776
5405,Yew Branch,Darli Dagger,200,1,2023-12-03T03:14:52.000Z,https://universalis.app/market/5405
1778,Steel Bhuj,Illustrious Clyne,39999,1,2023-11-26T14:28:12.000Z,https://universalis.app/market/1778
1781,Spiked Mythril Labrys,Elia Nerok,26999,1,2023-11-30T17:58:35.000Z,https://universalis.app/market/1781
1786,Mythril Bhuj,Ven Oronir,27999,1,2023-11-24T02:45:57.000Z,https://universalis.app/market/1786
1796,Buccaneer's Bardiche,Chiull Malqir,49999,1,2023-12-06T14:04:44.000Z,https://universalis.app/market/1796
5414,Rosewood Branch,Eur Thumb,100,1,2023-11-29T00:47:36.000Z,https://universalis.app/market/5414
1800,Vintage Bill,Ven Oronir,35000,1,2023-11-24T23:35:46.000Z,https://universalis.app/market/1800
5196,Jadeite,Alaric Benedictus,3000,1,2023-11-30T21:51:15.000Z,https://universalis.app/market/5196
1803,Spiked Cobalt Labrys,Jagged Fel,32000,1,2023-11-23T10:08:47.000Z,https://universalis.app/market/1803
5376,Rosewood Lumber,Wooj Wooj,3500,1,2023-11-25T07:05:37.000Z,https://universalis.app/market/5376
1806,Giantsgall War Axe,Elissa Belladon,1065,1,2023-11-26T20:32:59.000Z,https://universalis.app/market/1806
1810,Barbarian's Bardiche,Memeroni Pepperoni,68999,1,2023-12-19T13:42:22.000Z,https://universalis.app/market/1810
5566,Bloody Bardiche Head,Esailia Zarpos,9160,1,2023-11-27T03:06:04.000Z,https://universalis.app/market/5566
5075,Darksteel Plate,Kiba Xing,6000,1,2023-11-26T05:02:03.000Z,https://universalis.app/market/5075
5572,Rampager Head,Cedrik Winterbane,2024,2,2023-11-25T03:42:40.000Z,https://universalis.app/market/5572
1820,Bone Harpoon,Griever Beoulve,3000,1,2023-11-28T08:07:45.000Z,https://universalis.app/market/1820
5503,Animal Glue,Lilymarie Bean,444,1,2023-12-06T06:48:16.000Z,https://universalis.app/market/5503
1821,Bronze Spear,Alad Kesspal,3499,1,2023-11-29T03:39:26.000Z,https://universalis.app/market/1821
5482,Fish Oil,Astrea Ghost,200,1,2023-11-24T21:11:15.000Z,https://universalis.app/market/5482
1822,Ramhorn Harpoon,Dino Punch-kick,4000,1,2023-11-24T19:12:25.000Z,https://universalis.app/market/1822
1823,Feathered Harpoon,Caleina Hidashi,9000,1,2023-11-23T21:53:26.000Z,https://universalis.app/market/1823
5352,Crow Feather,Kazami Rias,311,99,2023-12-12T07:41:12.000Z,https://universalis.app/market/5352
5433,Soiled Femur,Kailani Mahina,501,1,2023-12-01T01:19:02.000Z,https://universalis.app/market/5433
1824,Brass Spear,Miss Cruvty,10,1,2023-11-24T23:39:38.000Z,https://universalis.app/market/1824
1825,Iron Spear,Sigmund Reed,4999,1,2023-11-23T16:18:57.000Z,https://universalis.app/market/1825
1827,Iron Lance,Azazel Ischus,19950,1,2023-11-25T02:25:44.000Z,https://universalis.app/market/1827
1836,Silver Battle Fork,Octo Saur,2030,1,2023-12-04T21:13:13.000Z,https://universalis.app/market/1836
5484,Crab Oil,Arioz Noirlune,6000,1,2023-11-25T19:25:50.000Z,https://universalis.app/market/5484
1838,Steel Halberd,Desdemora Viautroix,2500,1,2023-12-07T03:26:16.000Z,https://universalis.app/market/1838
1845,Steel Spear,Joan Madden,10000,1,2023-12-05T16:48:22.000Z,https://universalis.app/market/1845
1847,Heavy Steel Lance,Aries Kahlok,10000,1,2023-11-23T04:16:46.000Z,https://universalis.app/market/1847
1850,Yarzonshell Harpoon,Eley Lalafeley,4998,1,2023-12-13T03:46:40.000Z,https://universalis.app/market/1850
5454,Yellow Yarzon Leg,Kieara Qolnh,85,3,2023-12-16T10:18:36.000Z,https://universalis.app/market/5454
1855,Mythril Lance,Riku Agatsuma,25000,1,2023-11-23T03:53:00.000Z,https://universalis.app/market/1855
1862,Cobalt Halberd,Yumeko Jambi,89999,1,2023-12-10T07:30:41.000Z,https://universalis.app/market/1862
1867,Cobalt Trident,Ouka Ootori,25000,1,2023-12-03T10:03:02.000Z,https://universalis.app/market/1867
5486,Shark Oil,R'hago Taaj,7000,1,2023-12-07T06:44:50.000Z,https://universalis.app/market/5486
1871,Vintage Guisarme,Ori Yora,5000,1,2023-11-25T03:14:43.000Z,https://universalis.app/market/1871
9,Ice Crystal,Joxe Valfre,1552,30,2023-12-04T09:18:00.000Z,https://universalis.app/market/9
1872,Hart Guisarme,Ouka Ootori,15000,1,2023-12-12T19:03:17.000Z,https://universalis.app/market/1872
1875,Giantsgall Trident,Victoria Rose,2725,1,2023-12-11T18:15:04.000Z,https://universalis.app/market/1875
1879,Champion's Lance,Allister Crescent,99899,1,2023-12-12T14:22:41.000Z,https://universalis.app/market/1879
5565,Bloody Lance Head,Xivne Caeruleus,11999,1,2023-12-12T00:22:13.000Z,https://universalis.app/market/5565
1882,Obelisk,Unlucky Dragoon,1798,1,2023-12-04T02:19:38.000Z,https://universalis.app/market/1882
5573,Obelisk Head,Cedrik Winterbane,2000,1,2023-11-25T03:42:44.000Z,https://universalis.app/market/5573
1891,Maple Shortbow,Monka Finna'gonna,9050,1,2023-12-01T11:09:04.000Z,https://universalis.app/market/1891
5333,Hempen Yarn,Mide Mizuki,300,69,2023-11-24T07:25:35.000Z,https://universalis.app/market/5333
1892,Maple Longbow,Koznhevikova Rhiikoro,7900,1,2023-12-01T00:11:31.000Z,https://universalis.app/market/1892
5396,Maple Branch,Takemikazuchi Ak,350,5,2023-12-04T14:58:11.000Z,https://universalis.app/market/5396
1893,Plumed Maple Shortbow,Limitless Sky,100,1,2023-11-27T05:49:51.000Z,https://universalis.app/market/1893
5351,Cock Feather,Aria Dewynter,311,99,2023-12-18T01:53:05.000Z,https://universalis.app/market/5351
1894,Wrapped Maple Longbow,Natania Alexandria,1000,1,2023-11-26T04:06:54.000Z,https://universalis.app/market/1894
5402,Ash Branch,Finwick Shorttail,200,5,2023-12-07T06:15:55.000Z,https://universalis.app/market/5402
1895,Ash Shortbow,Jay Seaves,100000,1,2023-11-28T14:05:42.000Z,https://universalis.app/market/1895
1897,Elm Longbow,Sigurd Snow-hair,25000,1,2023-12-14T23:23:41.000Z,https://universalis.app/market/1897
5334,Cotton Yarn,Z'mhati Bladedancer,301,99,2023-12-01T16:41:47.000Z,https://universalis.app/market/5334
1899,Elm Velocity Bow,Muffin Oftin,12000,1,2023-11-24T01:46:09.000Z,https://universalis.app/market/1899
1905,Wrapped Elm Longbow,Lobster Salad,1000,1,2023-11-23T23:12:53.000Z,https://universalis.app/market/1905
1908,Ash Composite Bow,Ulrike Wolf,20000,1,2023-12-08T04:13:37.000Z,https://universalis.app/market/1908
1915,Ash Cavalry Bow,Snooze Time,5000,1,2023-11-30T06:54:05.000Z,https://universalis.app/market/1915
5409,Oak Branch,Hyunjin Sharkbait,211,7,2023-11-28T02:41:35.000Z,https://universalis.app/market/5409
1917,Oak Longbow,Cipher Mss,30000,1,2023-11-24T19:48:03.000Z,https://universalis.app/market/1917
5336,Linen Yarn,Marceline Yuri,1000,3,2023-11-25T03:12:19.000Z,https://universalis.app/market/5336
1920,Mythril Cavalry Bow,Valerie Moreau,15000,1,2023-12-09T00:16:40.000Z,https://universalis.app/market/1920
1925,Oak Composite Bow,Logi Bear,39900,1,2023-11-23T17:01:20.000Z,https://universalis.app/market/1925
1932,Cobalt Cavalry Bow,Fallexi Vallandros,24990,1,2023-11-26T00:17:33.000Z,https://universalis.app/market/1932
1937,Yew Longbow,Ronni Ray,70000,1,2023-11-23T17:44:33.000Z,https://universalis.app/market/1937
1941,Vintage Bow,Melkad Rhaniasch,35000,1,2023-11-26T21:18:02.000Z,https://universalis.app/market/1941
1942,Crab Bow,Ash Brogen,50000,1,2023-12-14T22:32:06.000Z,https://universalis.app/market/1942
5462,Red Coral,Bun Sidhe,5000,2,2023-11-24T06:36:05.000Z,https://universalis.app/market/5462
1945,Giantsgall Longbow,Lily Lowenherz,400,1,2023-11-26T09:58:34.000Z,https://universalis.app/market/1945
1949,Longarm's Composite Bow,Cammi Leonhart,66599,1,2023-11-27T03:26:29.000Z,https://universalis.app/market/1949
5568,Bloody Bow Rim,Dopple Colors,2400,1,2023-12-16T18:31:05.000Z,https://universalis.app/market/5568
1953,Sarnga,Valerie Moreau,1449,1,2023-12-13T22:20:33.000Z,https://universalis.app/market/1953
15,Ice Cluster,Zed Caron,60,110,2023-12-15T21:54:34.000Z,https://universalis.app/market/15
16,Wind Cluster,Julianna Kane,350,600,2023-11-27T02:40:02.000Z,https://universalis.app/market/16
5574,Sarnga Limb,Beba Loot,2100,1,2023-11-26T05:24:50.000Z,https://universalis.app/market/5574
1958,Maple Wand,Serena Relanah,15000,1,2023-12-01T12:32:42.000Z,https://universalis.app/market/1958
6,Lightning Shard,Canadian Doge,111,1386,2023-12-03T22:31:23.000Z,https://universalis.app/market/6
7,Water Shard,Viru Endsinger,175,55,2023-12-08T05:14:45.000Z,https://universalis.app/market/7
5470,Growth Formula Alpha,Odaedo Atara,2914,1,2023-12-05T03:08:10.000Z,https://universalis.app/market/5470
1959,Whispering Maple Wand,Iso Stylz,5000,1,2023-11-24T20:28:25.000Z,https://universalis.app/market/1959
1960,Budding Maple Wand,Exeo Ryoth,4999,1,2023-12-02T00:38:54.000Z,https://universalis.app/market/1960
5492,Beastkin Blood,Autumn Dawn,11,1,2023-11-26T23:48:04.000Z,https://universalis.app/market/5492
1961,Ash Wand,Exeo Ryoth,9999,1,2023-12-09T00:31:45.000Z,https://universalis.app/market/1961
5471,Growth Formula Beta,Grass Cake,15000,1,2023-12-12T16:17:25.000Z,https://universalis.app/market/5471
1963,Budding Ash Wand,Yora Rofnhiru,15000,1,2023-12-10T23:30:27.000Z,https://universalis.app/market/1963
1965,Whispering Ash Wand,Remina Kawakami,5000,1,2023-12-17T10:39:16.000Z,https://universalis.app/market/1965
5493,Scalekin Blood,Lilian Yoon,1000,5,2023-12-11T20:29:50.000Z,https://universalis.app/market/5493
1967,Yew Wand,Trishana O'mogson,3030,1,2023-12-05T12:27:29.000Z,https://universalis.app/market/1967
1969,Budding Yew Wand,Karyn Ava,10000,1,2023-11-27T00:13:03.000Z,https://universalis.app/market/1969
1971,Budding Oak Wand,Only Cosm,29000,1,2023-12-01T20:36:38.000Z,https://universalis.app/market/1971
4603,Hi-Potion of Mind,Lydia Bailey,1000,3,2023-11-23T01:12:13.000Z,https://universalis.app/market/4603
1974,Wand of Frost,Mikha Magala,20000,1,2023-12-06T01:48:05.000Z,https://universalis.app/market/1974
5199,Eye of Ice,Iman Dei'cree,100,7,2023-11-26T00:06:31.000Z,https://universalis.app/market/5199
5472,Growth Formula Gamma,Tanis Sands,3500,1,2023-12-12T15:57:18.000Z,https://universalis.app/market/5472
1976,Wand of Tremors,Olvir Amarya,35000,1,2023-11-28T01:43:03.000Z,https://universalis.app/market/1976
5201,Eye of Earth,Natlus Caelum,270,1,2023-12-19T21:26:48.000Z,https://universalis.app/market/5201
1978,Wand of Tides,Ahsook Dailow,40000,1,2023-11-26T21:41:41.000Z,https://universalis.app/market/1978
5203,Eye of Water,Agent Undercover,92,2,2023-12-09T14:20:33.000Z,https://universalis.app/market/5203
1981,Wand of Flames,Arus Soleia,2000,1,2023-12-13T03:38:51.000Z,https://universalis.app/market/1981
5198,Eye of Fire,Nai Kiba,1000,2,2023-11-26T07:26:00.000Z,https://universalis.app/market/5198
5200,Eye of Wind,L'azura Manyan,280,2,2023-12-19T18:45:06.000Z,https://universalis.app/market/5200
5202,Eye of Lightning,L'azura Manyan,9,2,2023-12-19T18:45:13.000Z,https://universalis.app/market/5202
1987,Budding Rosewood Wand,Biggest Lalafell,59999,1,2023-11-29T18:36:53.000Z,https://universalis.app/market/1987
4608,Mega-Potion of Mind,Anna Katatonia,10000,1,2023-11-29T20:50:56.000Z,https://universalis.app/market/4608
5494,Spoken Blood,Ash Brogen,7000,1,2023-11-30T22:43:09.000Z,https://universalis.app/market/5494
1996,Maple Cane,Ylava Toad,8000,1,2023-12-19T00:05:33.000Z,https://universalis.app/market/1996
1997,Maple Crook,Aelia Krynn,5000,1,2023-11-30T18:22:53.000Z,https://universalis.app/market/1997
1998,Ash Radical,Nawdie D'fun,10000,1,2023-12-02T05:44:53.000Z,https://universalis.app/market/1998
2002,Elm Crook,Lady Satarel,10,1,2023-12-04T03:02:19.000Z,https://universalis.app/market/2002
2004,Yew Radical,Exeo Ryoth,3000,1,2023-12-02T00:36:25.000Z,https://universalis.app/market/2004
2010,Pastoral Yew Cane,Moxie Rehw-gilda,12000,1,2023-11-28T03:57:23.000Z,https://universalis.app/market/2010
2011,Yew Crook,Maxx Alexandros,4599,1,2023-12-07T11:32:36.000Z,https://universalis.app/market/2011
2015,Walnut Cane,Lilymarie Bean,29999,1,2023-12-06T06:40:17.000Z,https://universalis.app/market/2015
2021,Plumed Yew Crook,Lydia Bailey,7500,1,2023-11-23T01:10:22.000Z,https://universalis.app/market/2021
2023,Oak Radical,Aziel Yotsune,9000,1,2023-11-29T07:28:21.000Z,https://universalis.app/market/2023
2026,Pastoral Oak Cane,Pansy Tinyfoot,11067,1,2023-11-29T15:30:45.000Z,https://universalis.app/market/2026
2030,Sprouting Rosewood Radical,Beer Pup,44444,1,2023-12-09T07:01:22.000Z,https://universalis.app/market/2030
2039,Jade Crook,Ronni Ray,149999,1,2023-11-23T17:44:21.000Z,https://universalis.app/market/2039
2041,Vintage Cane,Eklypsilas Lunrir,12000,1,2023-11-23T15:00:00.000Z,https://universalis.app/market/2041
2014,Splintered Cane,Tanis Sands,5000,1,2023-12-12T15:59:23.000Z,https://universalis.app/market/2014
2044,Pastoral Mahogany Cane,Bradan Flyff,19500,1,2023-12-17T04:35:50.000Z,https://universalis.app/market/2044
5335,Dew Thread,Stevie Tiger,3000,1,2023-11-27T04:47:51.000Z,https://universalis.app/market/5335
2047,Tane Mahuta,Kokofi Kofi,40000,1,2023-11-23T07:37:15.000Z,https://universalis.app/market/2047
5555,Ochu Vine,Temporal Stasis,1560,1,2023-12-05T23:12:18.000Z,https://universalis.app/market/5555
2048,Giantsgall Cane,Yeren Atoel,1992,1,2023-12-03T01:44:23.000Z,https://universalis.app/market/2048
2049,Madman's Whispering Rod,Corvus Rex,88299,1,2023-12-02T16:20:33.000Z,https://universalis.app/market/2049
12,Lightning Crystal,Ruby Shoes,998,200,2023-12-04T16:01:38.000Z,https://universalis.app/market/12
13,Water Crystal,Asuka Kawahara,100,277,2023-11-24T05:33:40.000Z,https://universalis.app/market/13
5473,Growth Formula Delta,A'risu Fhey,3000,10,2023-12-16T23:03:05.000Z,https://universalis.app/market/5473
5537,Thavnairian Mistletoe,Kyoya Irie,50,4,2023-11-23T05:16:10.000Z,https://universalis.app/market/5537
5547,Vampire Plant,Kyoya Irie,189,5,2023-11-23T05:16:39.000Z,https://universalis.app/market/5547
2051,Alkalurops,Integrrr Mewp,1490,1,2023-12-02T05:11:04.000Z,https://universalis.app/market/2051
5575,Suspended Trillium Flower,Celia Stormborn,2388,1,2023-12-14T13:00:51.000Z,https://universalis.app/market/5575
2056,Bone Brand,Ziriel Kore,4999,1,2023-12-06T19:56:08.000Z,https://universalis.app/market/2056
5197,Marbled Eye,Katarina Powers,500,2,2023-11-24T16:37:45.000Z,https://universalis.app/market/5197
2057,Copper Scepter,Vasto Ishuma,5000,1,2023-11-27T06:55:02.000Z,https://universalis.app/market/2057
5062,Copper Ingot,Jay Relius,150,1,2023-12-19T02:45:24.000Z,https://universalis.app/market/5062
2058,Bronze Scepter,Re'gor Tegne,1000,1,2023-12-11T07:07:10.000Z,https://universalis.app/market/2058
2059,Brass Cudgel,Ladislas Braddock,100,1,2023-12-14T06:53:59.000Z,https://universalis.app/market/2059
2061,Decorated Copper Scepter,Ai Zgod,20011,1,2023-12-18T07:09:51.000Z,https://universalis.app/market/2061
5258,Ragstone Whetstone,Rolito Melolito,189,6,2023-12-06T11:38:49.000Z,https://universalis.app/market/5258
2063,Wind Brand,Remina Kawakami,18015,1,2023-12-19T10:12:50.000Z,https://universalis.app/market/2063
2066,Ice Brand,Buttered Pancakes,12000,1,2023-12-03T01:04:41.000Z,https://universalis.app/market/2066
2069,Silver Scepter,Zelda Faye,150,1,2023-12-05T06:41:40.000Z,https://universalis.app/market/2069
5527,Brimstone,Chris Sharkbait,565,1,2023-11-27T18:20:14.000Z,https://universalis.app/market/5527
2071,Earth Brand,Reinvan Wulfhelm,7000,1,2023-11-30T23:06:08.000Z,https://universalis.app/market/2071
2078,Fire Brand,Aladaya Kha,29999,1,2023-12-11T02:04:44.000Z,https://universalis.app/market/2078
2083,Lightning Brand,Dommy-mommy Gator,5000,1,2023-12-13T02:39:31.000Z,https://universalis.app/market/2083
5489,Quicksilver,Lockesly L'crit,5000,1,2023-12-14T03:34:38.000Z,https://universalis.app/market/5489
2093,Vintage Cudgel,Tal'ewain Ashe,3999,1,2023-12-19T22:36:12.000Z,https://universalis.app/market/2093
2068,Damaged Cudgel,Siren Ventura,5000,1,2023-12-07T22:35:57.000Z,https://universalis.app/market/2068
5092,Iron Rivets,Ms Comet,1999,1,2023-12-05T22:18:12.000Z,https://universalis.app/market/5092
2094,Water Brand,Michael Hatsune,20000,1,2023-12-11T00:44:41.000Z,https://universalis.app/market/2094
2097,Jade Scepter,Agent Undercover,49076,1,2023-11-27T02:27:50.000Z,https://universalis.app/market/2097
5168,Jade,Harvey Belvedere,2000,20,2023-12-14T02:49:14.000Z,https://universalis.app/market/5168
5439,Ogre Horn,Mephisto Baelfire,10,14,2023-12-07T02:54:31.000Z,https://universalis.app/market/5439
2102,Sanguine Scepter,Evelyn Starscythe,24990,1,2023-12-07T09:13:30.000Z,https://universalis.app/market/2102
5206,Pinprick Pebble,Veneria Foreshadow,200,1,2023-11-26T22:38:25.000Z,https://universalis.app/market/5206
2106,Bone Staff,Keaton Hyaenidasch,20000,1,2023-12-07T19:35:32.000Z,https://universalis.app/market/2106
2107,Ramhorn Staff,Estinien Dragonfire,5000,1,2023-12-03T20:53:54.000Z,https://universalis.app/market/2107
2108,Decorated Bone Staff,Grier Grien,2000,1,2023-11-26T04:02:09.000Z,https://universalis.app/market/2108
5442,Bat Fang,Gummy Octopus,450,2,2023-12-11T03:39:29.000Z,https://universalis.app/market/5442
2109,Toothed Ramhorn Staff,Khaja Mol,999,1,2023-12-05T23:11:15.000Z,https://universalis.app/market/2109
2111,Staghorn Staff,Aether Reticent,20000,1,2023-11-23T16:47:32.000Z,https://universalis.app/market/2111
2116,Sanguine Horn Staff,J'wehli Fasaxo,1100,1,2023-12-12T02:32:46.000Z,https://universalis.app/market/2116
2118,Toothed Staghorn Staff,Dommy-mommy Gator,8000,1,2023-12-01T05:12:39.000Z,https://universalis.app/market/2118
2121,Goathorn Staff,Xu'ra Viyashe,4000,1,2023-12-05T22:26:02.000Z,https://universalis.app/market/2121
2123,Toothed Goathorn Staff,Fakhet Ragnall,29989,1,2023-12-04T16:48:58.000Z,https://universalis.app/market/2123
2125,Horn Staff,Vattic Cuthwin,39999,1,2023-12-09T20:16:45.000Z,https://universalis.app/market/2125
2130,Black Horn Staff,Agent Undercover,8500,1,2023-11-23T20:14:36.000Z,https://universalis.app/market/2130
2133,Ivory Staff,Kohaku Kurohana,45000,1,2023-12-10T22:34:54.000Z,https://universalis.app/market/2133
2136,Giantsgall Longstaff,Hisohka Esmour,6000,1,2023-12-19T01:47:54.000Z,https://universalis.app/market/2136
2139,Astrolabe,Dawn Millz,6880,1,2023-12-06T03:42:19.000Z,https://universalis.app/market/2139
5576,Astrolabe Clinometer,Cedrik Winterbane,2099,1,2023-11-25T03:43:06.000Z,https://universalis.app/market/5576
2143,Leather Grimoire,Nel Nightmoon,10000,1,2023-11-27T01:19:59.000Z,https://universalis.app/market/2143
5380,Maple Log,Daikon Kogekitsune,500,99,2023-12-08T15:30:54.000Z,https://universalis.app/market/5380
5475,Enchanted Copper Ink,Jay Relius,100,2,2023-12-14T02:53:33.000Z,https://universalis.app/market/5475
2144,Maple Picatrix,Catelyn Purrington,2000,1,2023-11-25T05:47:10.000Z,https://universalis.app/market/2144
2145,Engraved Leather Grimoire,Icarus Sundragon,9499,1,2023-11-29T00:33:50.000Z,https://universalis.app/market/2145
5383,Ash Log,Nyohri Viyashe,775,15,2023-11-24T22:47:05.000Z,https://universalis.app/market/5383
2146,Ash Picatrix,Ahara Star,6000,1,2023-11-27T21:50:50.000Z,https://universalis.app/market/2146
2147,Hard Leather Grimoire,Everly Aurora,10000,1,2023-12-15T00:36:40.000Z,https://universalis.app/market/2147
5385,Elm Log,Sanja Lyekhi,500,1,2023-12-11T05:00:25.000Z,https://universalis.app/market/5385
5476,Enchanted Iron Ink,Lok Xiao,179,2,2023-12-12T04:02:33.000Z,https://universalis.app/market/5476
2149,Engraved Hard Leather Grimoire,Zenga Kukatsu,40000,1,2023-12-11T15:57:03.000Z,https://universalis.app/market/2149
5386,Yew Log,Daikon Kogekitsune,600,63,2023-12-10T22:46:08.000Z,https://universalis.app/market/5386
2151,Yew Picatrix,Remina Kawakami,5500,1,2023-12-15T10:59:05.000Z,https://universalis.app/market/2151
2156,Goatskin Grimoire,Beluna Iryut,12000,1,2023-11-23T18:12:44.000Z,https://universalis.app/market/2156
5477,Enchanted Silver Ink,Tokii Ulbright,900,1,2023-11-28T00:34:14.000Z,https://universalis.app/market/5477
2160,Engraved Goatskin Grimoire,Duis Senpai,5000,1,2023-12-07T04:17:44.000Z,https://universalis.app/market/2160
5388,Walnut Log,Zaphkiel Kiantaris,500,1,2023-12-11T22:39:21.000Z,https://universalis.app/market/5388
2166,Book of Silver,Tross Roaricsted,12940,1,2023-12-03T20:23:53.000Z,https://universalis.app/market/2166
5390,Oak Log,Bulbus Strombly,499,8,2023-12-17T18:51:57.000Z,https://universalis.app/market/5390
2169,Embossed Book of Silver,Lee Milkus,15000,1,2023-11-27T23:40:11.000Z,https://universalis.app/market/2169
2174,Book of Mythril,Meff Y-,22994,1,2023-12-02T05:23:54.000Z,https://universalis.app/market/2174
5346,Flax,Saphiras Aurora,500,20,2023-11-26T16:20:18.000Z,https://universalis.app/market/5346
5478,Enchanted Mythril Ink,Ryukuzo Wintersoul,4000,10,2023-12-18T20:14:29.000Z,https://universalis.app/market/5478
2184,Vintage Picatrix,Shinobi Dm,34000,1,2023-11-23T23:50:10.000Z,https://universalis.app/market/2184
2158,Brittle Picatrix,Ladio Amira,5000,1,2023-11-25T19:53:49.000Z,https://universalis.app/market/2158
2185,Book of Electrum,Steelina Earthtreader,24399,1,2023-11-23T20:56:27.000Z,https://universalis.app/market/2185
5337,Woolen Yarn,Soft Mono,1799,1,2023-12-11T17:32:00.000Z,https://universalis.app/market/5337
5393,Rosewood Log,Lee Milkus,500,20,2023-11-25T23:45:30.000Z,https://universalis.app/market/5393
5479,Enchanted Electrum Ink,Rinzler Tudusaku,2000,1,2023-12-11T16:32:47.000Z,https://universalis.app/market/5479
2189,Embossed Book of Electrum,Chickenn Gravy,50000,1,2023-11-27T03:20:32.000Z,https://universalis.app/market/2189
2193,Cantamina Thavnaria,Pikachu Pika,1150,1,2023-12-17T23:19:23.000Z,https://universalis.app/market/2193
5481,Enchanted Rose Gold Ink,Momiji Hikaru,4800,1,2023-11-23T19:48:40.000Z,https://universalis.app/market/5481
2194,Medica Thavnaria,Kaia Lionheart,1300,1,2023-11-24T05:03:46.000Z,https://universalis.app/market/2194
2201,Erudite's Picatrix of Healing,Aria Zorah,96699,1,2023-12-12T02:55:10.000Z,https://universalis.app/market/2201
5480,Enchanted Gold Ink,Evyn Sebring,9999,1,2023-12-20T04:40:08.000Z,https://universalis.app/market/5480
5569,Bloody Grimoire Binding,Rewriter Sylveon,2500,1,2023-12-04T12:23:15.000Z,https://universalis.app/market/5569
2202,Erudite's Picatrix of Casting,Roj Gardoth,86700,1,2023-12-02T07:35:27.000Z,https://universalis.app/market/2202
2211,Deus Ex Verbis,Pikachu Pika,1239,1,2023-12-17T23:19:28.000Z,https://universalis.app/market/2211
5338,Silk Thread,Meicyan Rei,2500,1,2023-11-30T02:06:19.000Z,https://universalis.app/market/5338
2212,Deus Ex Gratia,Gaius Lionheart,1690,1,2023-11-26T22:47:13.000Z,https://universalis.app/market/2212
2219,Square Maple Shield,Eliza Hurst,5900,1,2023-12-15T06:49:06.000Z,https://universalis.app/market/2219
5091,Bronze Rivets,Bahazen Myirka,500,27,2023-11-28T01:47:41.000Z,https://universalis.app/market/5091
12524,Titanium Nugget,Aizileona Gethmara,14999,2,2023-11-26T05:08:45.000Z,https://universalis.app/market/12524
12529,Titanium Rivets,Rainz Bal'fyre,6969,3,2023-11-29T12:57:49.000Z,https://universalis.app/market/12529
12658,Dusk Leather,Cirina Star,389800,1,2023-11-25T05:01:03.000Z,https://universalis.app/market/12658
2226,Bronze Hoplon,Goth Milk,20000,1,2023-11-26T10:37:16.000Z,https://universalis.app/market/2226
5071,Bronze Plate,Aether Reticent,400,2,2023-11-23T15:21:29.000Z,https://universalis.app/market/5071
2228,Round Shield,Shinobi Kaiyo,15000000,1,2023-11-30T01:52:21.000Z,https://universalis.app/market/2228
2229,Leather Targe,Dizniel Pheorix,799,1,2023-12-14T21:59:34.000Z,https://universalis.app/market/2229
2230,Bronze Scutum,Catelyn Purrington,7104,1,2023-11-25T05:46:14.000Z,https://universalis.app/market/2230
2231,Bronze Buckler,Jolt Eons,5000,1,2023-12-13T21:50:22.000Z,https://universalis.app/market/2231
2233,Square Ash Shield,Icarus Sundragon,2000,1,2023-12-03T02:13:52.000Z,https://universalis.app/market/2233
2236,Iron Hoplon,Jolt Eons,35000,1,2023-12-13T21:50:32.000Z,https://universalis.app/market/2236
2238,Vintage Square Shield,Nasir Thesys,5000,1,2023-11-27T20:03:10.000Z,https://universalis.app/market/2238
2224,Worm-eaten Square Shield,Bellexis Ter'vash,15000,1,2023-12-07T00:29:46.000Z,https://universalis.app/market/2224
4859,Cider Vinegar,Thaumiel Immanifest,90,2,2023-12-10T04:21:57.000Z,https://universalis.app/market/4859
2239,Ironclad Bronze Buckler,Cadhla Ramsay,800,1,2023-11-25T15:52:10.000Z,https://universalis.app/market/2239
2241,Iron Lantern Shield,Sophie Stardust,15000000,1,2023-12-06T16:30:35.000Z,https://universalis.app/market/2241
5998,Tallow Candle,Aryian Cosmic,4000,3,2023-12-14T02:52:15.000Z,https://universalis.app/market/5998
2242,Iron Scutum,Cibi Rizibi,5500,1,2023-11-28T03:43:07.000Z,https://universalis.app/market/2242
2244,Vintage Hoplon,Alt One,18000,1,2023-12-13T21:50:14.000Z,https://universalis.app/market/2244
2246,Viper-crested Round Shield,Koznhevikova Rhiikoro,2999,1,2023-12-18T02:43:09.000Z,https://universalis.app/market/2246
2248,Iron Kite Shield,Momoka Sayuri,4985,1,2023-11-25T13:58:08.000Z,https://universalis.app/market/2248
2250,Goatskin Targe,Chimes Fluffle,5015,1,2023-12-19T00:14:14.000Z,https://universalis.app/market/2250
5093,Steel Rivets,Katarina Powers,2999,1,2023-11-27T16:22:34.000Z,https://universalis.app/market/5093
2257,Bull Hoplon,Puan Maharana,15000,1,2023-12-04T03:44:34.000Z,https://universalis.app/market/2257
2260,Decorated Buckler,Seren Bancroft,15000,1,2023-11-25T14:34:24.000Z,https://universalis.app/market/2260
2262,Decorated Iron Scutum,Blix Aska,5000,1,2023-12-06T05:06:03.000Z,https://universalis.app/market/2262
2264,Vintage Buckler,Zaya Haragin,9000,1,2023-11-30T04:16:20.000Z,https://universalis.app/market/2264
2268,Bladed Lantern Shield,Mephisto Baelfire,35000,1,2023-12-03T20:16:03.000Z,https://universalis.app/market/2268
2270,Raptorskin Targe,Ume Kaujin,39999,1,2023-12-05T05:09:47.000Z,https://universalis.app/market/2270
5099,Mythril Rivets,Bing Xiang,5000,5,2023-12-03T20:08:45.000Z,https://universalis.app/market/5099
2278,Vintage Scutum,King Samir,30000,1,2023-11-29T02:47:19.000Z,https://universalis.app/market/2278
5094,Cobalt Rivets,Cielle Carrilaut,5979,7,2023-11-25T21:52:56.000Z,https://universalis.app/market/5094
2287,Eagle-crested Round Shield,R'akto Tia,8875,1,2023-12-14T16:58:13.000Z,https://universalis.app/market/2287
2289,Vintage Round Shield,Tethys Dione,5000,1,2023-11-30T11:22:02.000Z,https://universalis.app/market/2289
5228,Ragstone,Edgar Dragonsmith,300,4,2023-12-07T04:41:50.000Z,https://universalis.app/market/5228
5517,Lanolin,Nikka Megami,450,18,2023-11-25T07:02:56.000Z,https://universalis.app/market/5517
2294,Kite Shield,La Latino,8000,1,2023-11-27T19:22:22.000Z,https://universalis.app/market/2294
2296,Cobalt Bladed Lantern Shield,Action Hank,7500,1,2023-11-23T04:36:55.000Z,https://universalis.app/market/2296
2298,Oxblood Targe,Zoey Knight,37000,1,2023-12-03T00:59:11.000Z,https://universalis.app/market/2298
2259,Scarred Kite Shield,Claire D'lune,2000,1,2023-12-15T22:40:16.000Z,https://universalis.app/market/2259
2302,Darksteel Scutum,Quinlan Vos,6055,1,2023-12-12T18:21:15.000Z,https://universalis.app/market/2302
5060,Darksteel Ingot,Djan Flokka,9700,3,2023-12-16T01:45:31.000Z,https://universalis.app/market/5060
5095,Darksteel Rivets,Edward Ashford,6000,12,2023-11-30T00:22:12.000Z,https://universalis.app/market/5095
2303,Darksteel Buckler,Apollo Luna,1675,1,2023-12-08T08:22:01.000Z,https://universalis.app/market/2303
2304,Spruce Round Shield,Xander Sol,1299,1,2023-12-01T10:44:54.000Z,https://universalis.app/market/2304
5379,Treated Spruce Lumber,Krusos Aureus,25888,3,2023-12-06T22:31:30.000Z,https://universalis.app/market/5379
2315,Bronze Saw,Jen Booty,5000,1,2023-11-26T21:36:11.000Z,https://universalis.app/market/2315
2316,Amateur's Saw,Tuan Nguyen,3008,1,2023-12-05T16:47:58.000Z,https://universalis.app/market/2316
2317,Chocobotail Saw,Soul Borger,500,1,2023-11-26T16:29:35.000Z,https://universalis.app/market/2317
2318,Initiate's Saw,Tyrocco Vandirk,10018,1,2023-12-15T01:57:10.000Z,https://universalis.app/market/2318
2320,Iron Chocobotail Saw,Lucinne Sarmantoix,2400,1,2023-12-16T04:36:35.000Z,https://universalis.app/market/2320
2322,Crosscut Saw,Lancelot Niterode,4056,1,2023-12-15T01:08:52.000Z,https://universalis.app/market/2322
2323,Mythril Saw,Mina Kaatapoh,35000,1,2023-11-26T03:30:55.000Z,https://universalis.app/market/2323
2324,Mythril Chocobotail Saw,Mide Mizuki,1390,1,2023-11-24T04:43:31.000Z,https://universalis.app/market/2324
2325,Bas-relief Cobalt Saw,Rayquaza Ex,100000,1,2023-12-16T00:52:02.000Z,https://universalis.app/market/2325
2328,Amateur's Claw Hammer,Yung Nosferatu,4800,1,2023-12-17T05:56:53.000Z,https://universalis.app/market/2328
2329,Bronze Claw Hammer,Griever Beoulve,1000,1,2023-11-28T08:07:31.000Z,https://universalis.app/market/2329
2331,Iron Claw Hammer,Ila Eraswen,2000,1,2023-12-16T05:30:26.000Z,https://universalis.app/market/2331
5483,Jellyfish Humours,Anaximander Anthropos,240,5,2023-12-10T04:50:13.000Z,https://universalis.app/market/5483
2332,Initiate's Claw Hammer,Bunana Bread,1000,1,2023-12-09T01:48:39.000Z,https://universalis.app/market/2332
2334,Steel Claw Hammer,Bellexis Ter'vash,7001,1,2023-12-05T03:21:31.000Z,https://universalis.app/market/2334
2335,Wrapped Steel Claw Hammer,Cibi Rizibi,20000,1,2023-12-05T01:00:00.000Z,https://universalis.app/market/2335
5485,Linseed Oil,Marza Ming,3500,1,2023-11-26T19:27:00.000Z,https://universalis.app/market/5485
2337,Mythril Claw Hammer,Gator Nim,40000,1,2023-11-23T03:26:54.000Z,https://universalis.app/market/2337
2339,Militia Claw Hammer,Michael Hatsune,17000,1,2023-11-29T13:51:18.000Z,https://universalis.app/market/2339
2341,Bronze Cross-pein Hammer,Seren Bancroft,2574,1,2023-11-25T20:22:18.000Z,https://universalis.app/market/2341
2342,Amateur's Cross-pein Hammer,Mint Polai,3000,1,2023-12-11T06:42:19.000Z,https://universalis.app/market/2342
2343,Birdsbeak Hammer,Miso Moonbourne,1500,1,2023-11-29T08:19:37.000Z,https://universalis.app/market/2343
5325,Undyed Cotton Cloth,Tristan Maxwell,1002,6,2023-12-17T05:19:00.000Z,https://universalis.app/market/5325
2344,Iron Cross-pein Hammer,Mephisto Baelfire,50000,1,2023-12-17T04:38:41.000Z,https://universalis.app/market/2344
2345,Initiate's Cross-pein Hammer,Jolt Eons,2921,1,2023-12-15T02:00:48.000Z,https://universalis.app/market/2345
2346,Crowsbeak Hammer,Michael Hatsune,4000,1,2023-12-06T02:34:53.000Z,https://universalis.app/market/2346
2347,Heavy Crowsbeak Hammer,Segen Stark,400,1,2023-11-26T19:11:22.000Z,https://universalis.app/market/2347
5326,Undyed Velveteen,Saint Gabriel,4999,4,2023-12-12T20:53:29.000Z,https://universalis.app/market/5326
2349,Steel Crowsbeak Hammer,Lexen Atrans,30000,1,2023-12-18T06:15:04.000Z,https://universalis.app/market/2349
2350,Wrapped Crowsbeak Hammer,Illustrious Clyne,39999,1,2023-11-26T14:28:42.000Z,https://universalis.app/market/2350
2351,Cobalt Cross-pein Hammer,Swift Blackheart,4499,1,2023-11-26T01:44:39.000Z,https://universalis.app/market/2351
2352,Wrapped Hawksbeak Hammer,Dommy-mommy Gator,125000,1,2023-12-08T01:21:29.000Z,https://universalis.app/market/2352
2355,Amateur's File,Astray Eclipse,1800,1,2023-11-25T15:49:46.000Z,https://universalis.app/market/2355
2356,Bronze File,Ripley Love,500,1,2023-11-28T17:06:54.000Z,https://universalis.app/market/2356
2358,Iron File,Jolt Eons,10021,1,2023-12-15T02:00:52.000Z,https://universalis.app/market/2358
2359,Initiate's File,Versai Tenebria,29999,1,2023-12-12T21:57:04.000Z,https://universalis.app/market/2359
2361,Steel File,Xeos Xeor,35000,1,2023-11-29T04:55:51.000Z,https://universalis.app/market/2361
2364,Cobalt File,Shoko Ieiri,30000,1,2023-12-01T14:54:17.000Z,https://universalis.app/market/2364
2365,Militia File,Yoshi Yosha,16969,1,2023-12-05T00:08:46.000Z,https://universalis.app/market/2365
2367,Bronze Doming Hammer,Ildstorm Djt-dvre,500,1,2023-12-16T23:40:31.000Z,https://universalis.app/market/2367
2368,Amateur's Doming Hammer,Anghara Indigo,300,1,2023-12-06T16:10:35.000Z,https://universalis.app/market/2368
2369,Bronze Raising Hammer,Monka Finna'gonna,1500,1,2023-12-07T20:53:15.000Z,https://universalis.app/market/2369
2370,Iron Doming Hammer,Everly Aurora,3016,1,2023-12-13T22:00:53.000Z,https://universalis.app/market/2370
2371,Initiate's Doming Hammer,Erebus Corbeau,10000,1,2023-12-05T05:28:52.000Z,https://universalis.app/market/2371
2373,Wrapped Iron Raising Hammer,Alex Starfall,500,1,2023-12-02T19:21:39.000Z,https://universalis.app/market/2373
2374,Steel Doming Hammer,Aryian Cosmic,1000,1,2023-11-23T18:47:15.000Z,https://universalis.app/market/2374
2375,Steel Raising Hammer,Tyrocco Vandirk,12000,1,2023-12-15T02:23:42.000Z,https://universalis.app/market/2375
2376,Cobalt Doming Hammer,T'alek Demora,6000,1,2023-12-12T07:19:12.000Z,https://universalis.app/market/2376
2377,Cobalt Raising Hammer,Gc Gold,125000,1,2023-11-24T21:37:01.000Z,https://universalis.app/market/2377
2380,Amateur's Pliers,Ildstorm Djt-dvre,5004,1,2023-12-15T20:48:18.000Z,https://universalis.app/market/2380
2383,Iron Pliers,Bexalia Asteria,12001,1,2023-12-14T20:23:16.000Z,https://universalis.app/market/2383
2384,Initiate's Pliers,Faul'st Helio,1850,1,2023-12-11T03:20:09.000Z,https://universalis.app/market/2384
2386,Steel Pliers,Lexen Atrans,20000,1,2023-12-18T04:12:47.000Z,https://universalis.app/market/2386
2388,Mythril Pliers,Mide Mizuki,50000,1,2023-11-23T22:07:10.000Z,https://universalis.app/market/2388
2389,Cobalt Pliers,Gojo Zavarion,25000,1,2023-11-24T20:42:55.000Z,https://universalis.app/market/2389
2390,Militia Pliers,Yami Valeroyant,25000,1,2023-12-03T15:03:27.000Z,https://universalis.app/market/2390
2392,Bronze Chaser Hammer,Hotaru Rosser,500,1,2023-11-24T00:30:35.000Z,https://universalis.app/market/2392
2395,Iron Chaser Hammer,Miss Cruvty,2500,1,2023-11-24T23:39:46.000Z,https://universalis.app/market/2395
2396,Initiate's Chaser Hammer,Jolt Eons,14999,1,2023-12-15T01:55:53.000Z,https://universalis.app/market/2396
2397,Iron Ornamental Hammer,Caleina Hidashi,18000,1,2023-12-04T00:58:43.000Z,https://universalis.app/market/2397
2398,Steel Chaser Hammer,Michael Hatsune,999,1,2023-12-11T00:44:24.000Z,https://universalis.app/market/2398
2399,Steel Ornamental Hammer,Sorrelia Blanchet,4999,1,2023-11-28T01:05:41.000Z,https://universalis.app/market/2399
2400,Mythril Ornamental Hammer,Luz Blight,50000,1,2023-11-26T20:36:29.000Z,https://universalis.app/market/2400
2401,Mythril Lapidary Hammer,Phear Reaper,990,1,2023-12-01T15:52:14.000Z,https://universalis.app/market/2401
2402,Electrum Lapidary Hammer,Googly' Moogly,124999,1,2023-11-27T22:28:03.000Z,https://universalis.app/market/2402
5183,Tourmaline,Alkali Krylios,620,4,2023-11-27T12:10:38.000Z,https://universalis.app/market/5183
2405,Amateur's Grinding Wheel,Astray Eclipse,990,1,2023-11-25T15:50:21.000Z,https://universalis.app/market/2405
2406,Ragstone Grinding Wheel,Happy Fellow,3500,1,2023-12-07T20:24:30.000Z,https://universalis.app/market/2406
2408,Mudstone Grinding Wheel,Mide Mizuki,30000,1,2023-11-24T06:27:22.000Z,https://universalis.app/market/2408
5229,Mudstone,Soft Mono,150,2,2023-11-23T20:23:39.000Z,https://universalis.app/market/5229
2409,Initiate's Grinding Wheel,Icarus Sundragon,8888,1,2023-12-16T19:44:19.000Z,https://universalis.app/market/2409
2411,Siltstone Grinding Wheel,Queen Nefferat,10000,1,2023-12-09T17:22:09.000Z,https://universalis.app/market/2411
5231,Siltstone,Nico Dataq,495,17,2023-11-25T18:45:58.000Z,https://universalis.app/market/5231
2413,Garnet Grinding Wheel,Yuki Rena,6000,1,2023-12-12T23:23:51.000Z,https://universalis.app/market/2413
5134,Raw Garnet,Tanis Sands,222,1,2023-12-12T16:07:17.000Z,https://universalis.app/market/5134
2414,Basilisk Grinding Wheel,Aries Kahlok,19974,1,2023-12-03T02:41:54.000Z,https://universalis.app/market/2414
5263,Basilisk Egg,Sly Scarlet,500,1,2023-12-08T09:33:12.000Z,https://universalis.app/market/5263
2415,Militia Grinding Wheel,Claire Solange,103999,1,2023-12-14T21:21:50.000Z,https://universalis.app/market/2415
5158,Astral Rock,Dommy-mommy Gator,1500,4,2023-12-11T22:46:40.000Z,https://universalis.app/market/5158
2417,Bronze Head Knife,Jolt Eons,998,1,2023-12-14T21:34:55.000Z,https://universalis.app/market/2417
2418,Amateur's Head Knife,Vany Emblish,209,1,2023-12-13T05:34:38.000Z,https://universalis.app/market/2418
2419,Brass Head Knife,Icarus Sundragon,7999,1,2023-11-29T00:35:02.000Z,https://universalis.app/market/2419
2420,Initiate's Head Knife,Beastycat Darksider,999,1,2023-12-17T21:20:58.000Z,https://universalis.app/market/2420
2421,Iron Round Knife,Texas Rose,726,1,2023-12-12T02:57:21.000Z,https://universalis.app/market/2421
2422,Iron Head Knife,Infernal Ape,15000,1,2023-12-15T05:14:54.000Z,https://universalis.app/market/2422
2424,Steel Round Knife,Matsu Merry,5550,1,2023-11-26T20:05:58.000Z,https://universalis.app/market/2424
2425,Mythril Head Knife,Kiriko Shinsetsu,17900,1,2023-11-30T08:15:34.000Z,https://universalis.app/market/2425
2426,Mythril Round Knife,Zenga Kukatsu,26000,1,2023-12-04T19:16:55.000Z,https://universalis.app/market/2426
2427,Electrum Head Knife,Ronni Ray,85000,1,2023-11-23T20:46:10.000Z,https://universalis.app/market/2427
2430,Amateur's Awl,Ripley Love,2500,1,2023-11-26T18:13:31.000Z,https://universalis.app/market/2430
2431,Bronze Awl,Cipher Mss,69,1,2023-12-13T16:21:41.000Z,https://universalis.app/market/2431
2433,Iron Awl,Jolt Eons,11018,1,2023-12-15T01:53:11.000Z,https://universalis.app/market/2433
2434,Initiate's Awl,Riu Himuro,10000,1,2023-11-29T19:40:23.000Z,https://universalis.app/market/2434
2436,Steel Awl,Shoko Ieiri,40000,1,2023-12-01T02:38:40.000Z,https://universalis.app/market/2436
2437,Wrapped Steel Awl,Potato Plato,41000,1,2023-12-01T23:57:26.000Z,https://universalis.app/market/2437
2439,Mythril Awl,Amber Satinlace,21999,1,2023-12-03T01:45:48.000Z,https://universalis.app/market/2439
2440,Cobalt Awl,Mariska Divine,30000,1,2023-11-28T14:49:59.000Z,https://universalis.app/market/2440
2441,Militia Awl,Amarintha Winterpeg,25000,1,2023-12-03T18:16:45.000Z,https://universalis.app/market/2441
2443,Copper Needle,Dezkiimro Avagnar,4600,1,2023-11-28T07:17:18.000Z,https://universalis.app/market/2443
2444,Bat Fang Needle,Jay Seaves,390,1,2023-11-28T14:06:35.000Z,https://universalis.app/market/2444
2445,Amateur's Needle,Buttered Pancakes,10000,1,2023-11-24T18:51:31.000Z,https://universalis.app/market/2445
2446,Brass Needle,Eldritch Being,6000,1,2023-12-01T06:37:02.000Z,https://universalis.app/market/2446
2447,Initiate's Needle,Tross Roaricsted,5000,1,2023-12-05T22:01:22.000Z,https://universalis.app/market/2447
2448,Silver Needle,Bunini Buni,8000,1,2023-11-26T02:34:17.000Z,https://universalis.app/market/2448
2449,Worm Fang Needle,Mide Mizuki,2500,1,2023-11-24T08:01:11.000Z,https://universalis.app/market/2449
5447,Sandworm Fang,Arthur Light,200,1,2023-11-23T02:19:47.000Z,https://universalis.app/market/5447
2450,Mythril Needle,Sorrelia Blanchet,28000,1,2023-11-28T01:09:54.000Z,https://universalis.app/market/2450
2451,Wolf Fang Needle,David Henry,16981,1,2023-11-25T16:19:07.000Z,https://universalis.app/market/2451
2452,Thousand Needle,Aeya Fukiku,14980,1,2023-11-30T04:57:42.000Z,https://universalis.app/market/2452
5468,Cactuar Needle,Shinobi Dm,482,1,2023-11-24T18:14:07.000Z,https://universalis.app/market/5468
2453,Electrum Needle,Aria Kagehoshi,30000,1,2023-11-28T01:19:43.000Z,https://universalis.app/market/2453
2456,Amateur's Spinning Wheel,Hardread Ironfist,2500,1,2023-11-27T20:39:54.000Z,https://universalis.app/market/2456
2457,Ash Spinning Wheel,Anghara Indigo,704,1,2023-12-06T16:10:22.000Z,https://universalis.app/market/2457
2459,Initiate's Spinning Wheel,Koznhevikova Rhiikoro,9000,1,2023-12-10T04:06:56.000Z,https://universalis.app/market/2459
2460,Elm Spinning Wheel,Icarus Sundragon,1000,1,2023-12-09T02:49:04.000Z,https://universalis.app/market/2460
2462,Walnut Spinning Wheel,Mide Mizuki,20000,1,2023-11-24T08:01:18.000Z,https://universalis.app/market/2462
2464,Mahogany Spinning Wheel,Onion Bubs,29500,1,2023-12-09T20:10:26.000Z,https://universalis.app/market/2464
2465,Rosewood Spinning Wheel,Kioku Chikie,24444,1,2023-11-29T16:07:56.000Z,https://universalis.app/market/2465
2466,Militia Spinning Wheel,Hras Hoodwinery,40000,1,2023-11-28T07:29:12.000Z,https://universalis.app/market/2466
2468,Bronze Alembic,Jen Booty,125000,1,2023-11-26T21:36:31.000Z,https://universalis.app/market/2468
2469,Amateur's Alembic,Ry'neuth Keki,5008,1,2023-11-29T05:58:09.000Z,https://universalis.app/market/2469
2470,Brass Alembic,Mitsuhide Akechi,50,1,2023-12-04T17:26:51.000Z,https://universalis.app/market/2470
2471,Initiate's Alembic,Sev Slatin,4000,1,2023-11-27T04:53:35.000Z,https://universalis.app/market/2471
2472,Iron Alembic,Bunana Bread,5000,1,2023-12-08T18:55:20.000Z,https://universalis.app/market/2472
2473,Conical Alembic,Dommy-mommy Gator,22500,1,2023-12-10T00:54:17.000Z,https://universalis.app/market/2473
2474,Steel Alembic,Archie Kyu,8000,1,2023-11-30T03:35:42.000Z,https://universalis.app/market/2474
2475,Silver Alembic,Exeo Ryoth,1556,1,2023-12-09T00:31:11.000Z,https://universalis.app/market/2475
2476,Mythril Alembic,Keola Niyati,21000,1,2023-11-23T03:03:54.000Z,https://universalis.app/market/2476
2477,Electrum Alembic,Von Grim,13000,1,2023-12-10T17:07:13.000Z,https://universalis.app/market/2477
2478,Thermal Alembic,Matsu Merry,34850,1,2023-11-26T20:06:23.000Z,https://universalis.app/market/2478
2481,Amateur's Mortar,Astray Eclipse,2500,1,2023-11-25T15:50:36.000Z,https://universalis.app/market/2481
2484,Iron Mortar,Vesta Sensei,4019,1,2023-12-10T03:11:42.000Z,https://universalis.app/market/2484
2485,Initiate's Mortar,Sieghart Belmont,600,1,2023-12-02T19:12:14.000Z,https://universalis.app/market/2485
2487,Steel Mortar,Cicira Cira,10053,1,2023-12-04T22:48:42.000Z,https://universalis.app/market/2487
2488,Heavy Steel Mortar,Saheeli Rai,12000,1,2023-12-11T19:50:37.000Z,https://universalis.app/market/2488
2492,Militia Mortar,Judge Zecht,38999,1,2023-11-23T12:25:19.000Z,https://universalis.app/market/2492
2494,Bronze Skillet,Scarleth Reinhardt,1500,1,2023-12-05T23:25:28.000Z,https://universalis.app/market/2494
2495,Amateur's Skillet,Scarleth Reinhardt,599,1,2023-12-05T23:34:53.000Z,https://universalis.app/market/2495
2496,Iron Skillet,Ryukuzo Wintersoul,20000,1,2023-12-18T22:28:06.000Z,https://universalis.app/market/2496
2497,Initiate's Skillet,Xeos Xeor,4000,1,2023-11-29T04:56:05.000Z,https://universalis.app/market/2497
2498,Iron Frypan,Akuma Mir,25000,1,2023-12-06T03:09:54.000Z,https://universalis.app/market/2498
2499,Bomb Frypan,Potato Plato,9000,1,2023-12-01T23:57:44.000Z,https://universalis.app/market/2499
5528,Bomb Ash,Katarina Powers,500,2,2023-11-25T16:20:06.000Z,https://universalis.app/market/5528
2500,Steel Skillet,Dawn Millz,999,1,2023-11-23T03:17:50.000Z,https://universalis.app/market/2500
2501,White Skillet,Monka Finna'gonna,5000,1,2023-12-19T07:18:59.000Z,https://universalis.app/market/2501
2502,Steel Frypan,Ishtar Anastasia,39999,1,2023-11-28T03:40:22.000Z,https://universalis.app/market/2502
2503,Cobalt Skillet,Mephisto Baelfire,19995,1,2023-12-17T02:02:53.000Z,https://universalis.app/market/2503
2504,Hells' Kitchen,Jayden Vaulkner,75000,1,2023-12-11T00:23:35.000Z,https://universalis.app/market/2504
2507,Amateur's Culinary Knife,Sylvana Mul'droth,1005,1,2023-12-15T16:56:26.000Z,https://universalis.app/market/2507
2510,Iron Culinary Knife,Jolt Eons,15001,1,2023-12-15T02:01:47.000Z,https://universalis.app/market/2510
2511,Initiate's Culinary Knife,Sorsha Tears,15000,1,2023-11-24T20:39:05.000Z,https://universalis.app/market/2511
2513,Steel Culinary Knife,Iolite Shokaku,9000,1,2023-12-08T03:19:07.000Z,https://universalis.app/market/2513
2514,Wrapped Steel Culinary Knife,Illustrious Clyne,6000,1,2023-12-12T17:56:59.000Z,https://universalis.app/market/2514
2520,Bronze Pickaxe,Premium Heart,5000,1,2023-11-23T01:58:52.000Z,https://universalis.app/market/2520
2521,Amateur's Pickaxe,Orange Juiced,5009,1,2023-12-10T20:32:14.000Z,https://universalis.app/market/2521
2522,Plumed Bronze Pickaxe,Whiter Knight,2500,1,2023-11-26T23:25:58.000Z,https://universalis.app/market/2522
2523,Iron Pickaxe,Jolt Eons,20950,1,2023-12-15T07:08:01.000Z,https://universalis.app/market/2523
2524,Initiate's Pickaxe,Haddred Romero,7999,1,2023-12-02T16:07:02.000Z,https://universalis.app/market/2524
2525,Iron Dolabra,Reinhardt Heavencrest,15000,1,2023-11-28T00:09:36.000Z,https://universalis.app/market/2525
2526,Steel Pickaxe,Khanh N',9000,1,2023-12-16T03:01:26.000Z,https://universalis.app/market/2526
2527,Steel Dolabra,Credesa Odevin,7500,1,2023-12-08T18:13:32.000Z,https://universalis.app/market/2527
2528,Plumed Mythril Pickaxe,Valek Gado,26999,1,2023-11-29T17:22:06.000Z,https://universalis.app/market/2528
5327,Undyed Linen,Bulbus Strombly,1999,3,2023-12-16T12:06:29.000Z,https://universalis.app/market/5327
2529,Cobalt Dolabra,Rishu Syer,55000,1,2023-12-11T20:55:34.000Z,https://universalis.app/market/2529
2530,Egret Dolabra,Aemlus Karlc,119999,1,2023-12-02T23:59:34.000Z,https://universalis.app/market/2530
2534,Bronze Sledgehammer,Khanh N',8000,1,2023-12-16T01:14:42.000Z,https://universalis.app/market/2534
2536,Initiate's Sledgehammer,Reinhardt Heavencrest,35000,1,2023-11-24T21:23:23.000Z,https://universalis.app/market/2536
2537,Iron Sledgehammer,Sigmund Reed,10500,1,2023-11-23T16:20:17.000Z,https://universalis.app/market/2537
2539,Steel Sledgehammer,Illustrious Clyne,75000,1,2023-11-26T14:36:07.000Z,https://universalis.app/market/2539
2542,Mythril Sledgehammer,Lachlan Valentino,43999,1,2023-12-01T18:56:22.000Z,https://universalis.app/market/2542
2543,Cobalt Sledgehammer,Divinix Windstar,85000,1,2023-12-11T21:08:41.000Z,https://universalis.app/market/2543
2544,Militia Sledgehammer,Ronni Ray,49990,1,2023-11-24T21:00:29.000Z,https://universalis.app/market/2544
2546,Bronze Hatchet,Signa Juris,20005,1,2023-12-19T11:50:24.000Z,https://universalis.app/market/2546
2547,Amateur's Hatchet,Anghara Indigo,1009,1,2023-12-08T13:05:07.000Z,https://universalis.app/market/2547
2548,Iron Hatchet,Cynenway Kazami,3499,1,2023-12-06T01:03:56.000Z,https://universalis.app/market/2548
2549,Initiate's Hatchet,F'zero Makira,3500,1,2023-12-08T01:41:36.000Z,https://universalis.app/market/2549
2550,Brass Hatchet,Selahna Armon,1026,1,2023-12-17T15:39:08.000Z,https://universalis.app/market/2550
2551,Plumed Iron Hatchet,Tiugh Athair,29999,1,2023-11-25T01:04:40.000Z,https://universalis.app/market/2551
5359,Chocobo Feather,A'risu Fhey,1400,1,2023-12-06T01:55:16.000Z,https://universalis.app/market/5359
2552,Steel Hatchet,Sorrelia Blanchet,15000,1,2023-11-28T00:45:34.000Z,https://universalis.app/market/2552
2553,Plumed Steel Hatchet,Exeo Ryoth,7999,1,2023-12-05T21:49:35.000Z,https://universalis.app/market/2553
2554,Mythril Hatchet,Miao' Miao,18999,1,2023-11-27T20:33:04.000Z,https://universalis.app/market/2554
2555,Cobalt Hatchet,Nezuko Urokodaki,30000,1,2023-12-19T03:41:15.000Z,https://universalis.app/market/2555
2556,Horned Hatchet,Baby Goat,125000,1,2023-11-29T12:19:30.000Z,https://universalis.app/market/2556
2560,Bronze Scythe,Ripley Love,2500,1,2023-11-28T18:37:19.000Z,https://universalis.app/market/2560
2563,Initiate's Scythe,Selahna Armon,1029,1,2023-12-17T15:38:58.000Z,https://universalis.app/market/2563
2565,Steel Scythe,Shara Isha,10000,1,2023-11-30T05:04:57.000Z,https://universalis.app/market/2565
2568,Mythril Scythe,Erika Underhill,20000,1,2023-12-16T00:25:10.000Z,https://universalis.app/market/2568
2569,Cobalt Scythe,Faul'st Helio,16965,1,2023-12-01T14:20:52.000Z,https://universalis.app/market/2569
2572,Maple Fishing Rod,Koznhevikova Rhiikoro,1000,1,2023-12-01T20:21:58.000Z,https://universalis.app/market/2572
2573,Amateur's Fishing Rod,Shiki Makura,499,1,2023-12-02T04:09:28.000Z,https://universalis.app/market/2573
2574,Elm Fishing Rod,Lobster Salad,13000,1,2023-11-23T07:31:13.000Z,https://universalis.app/market/2574
2575,Initiate's Fishing Rod,Finwick Shorttail,5000,1,2023-12-03T16:03:46.000Z,https://universalis.app/market/2575
2576,Yew Fishing Rod,Syeira Strongshield,4000,1,2023-11-27T19:43:32.000Z,https://universalis.app/market/2576
2577,Staghorn Fishing Rod,Kitteh Darwin,7001,1,2023-12-01T15:30:09.000Z,https://universalis.app/market/2577
2578,Walnut Fishing Rod,Phoebix Alator,25000,1,2023-12-02T22:44:06.000Z,https://universalis.app/market/2578
2579,Horn Fishing Rod,Beer Pup,7500,1,2023-12-06T00:01:52.000Z,https://universalis.app/market/2579
2580,Mahogany Fishing Rod,Aly Non,7777,1,2023-12-14T17:01:25.000Z,https://universalis.app/market/2580
2581,Rosewood Fishing Rod,Nihilun Vale,30000,1,2023-12-09T22:23:06.000Z,https://universalis.app/market/2581
2582,Gilded Rosewood Fishing Rod,Calyx Ariti,50000,1,2023-12-04T17:09:04.000Z,https://universalis.app/market/2582
2588,Crayfish Ball,Arilla O'hare,1001,38,2023-12-04T01:51:30.000Z,https://universalis.app/market/2588
4825,Rye Flour,Renzokuken Kosoku,351,3,2023-11-26T01:27:35.000Z,https://universalis.app/market/4825
4925,Crayfish,Arilla O'hare,10000,2,2023-12-02T01:46:53.000Z,https://universalis.app/market/4925
2589,Goby Ball,Kali Eldevik,999,87,2023-12-10T02:07:01.000Z,https://universalis.app/market/2589
4931,Dusk Goby,Ildstorm Djt-dvre,2500,2,2023-12-15T20:50:16.000Z,https://universalis.app/market/4931
2593,Crab Ball,Nicolette Duclare,50,10,2023-11-26T20:26:38.000Z,https://universalis.app/market/2593
4880,Helmet Crab,Arilla O'hare,3000,19,2023-12-02T05:50:48.000Z,https://universalis.app/market/4880
2595,Bass Ball,Ethel Amanpour,301,54,2023-11-30T18:28:45.000Z,https://universalis.app/market/2595
4826,Sunset Wheat Flour,Kazuto Kayaba,10000,1,2023-11-29T04:03:29.000Z,https://universalis.app/market/4826
4959,Dark Bass,Theo Toi,2001,73,2023-12-13T04:30:05.000Z,https://universalis.app/market/4959
2598,Herring Ball,Milleuda Folles,101,97,2023-12-03T01:12:22.000Z,https://universalis.app/market/2598
4895,Indigo Herring,Gwell Moko,5300,1,2023-12-12T23:53:54.000Z,https://universalis.app/market/4895
2610,Chocobo Fly,Mix Wovenheart,2500,1,2023-12-09T07:31:06.000Z,https://universalis.app/market/2610
2611,Floating Minnow,Kali Eldevik,500,1,2023-12-08T00:53:33.000Z,https://universalis.app/market/2611
2612,Brass Spoon Lure,Milleuda Folles,499,13,2023-12-03T01:11:51.000Z,https://universalis.app/market/2612
2614,Crow Fly,I'm Home,4500,1,2023-12-08T00:52:50.000Z,https://universalis.app/market/2614
2615,Silver Spoon Lure,X'akhra Tiaque,500,12,2023-12-17T00:23:28.000Z,https://universalis.app/market/2615
2616,Steel Jig,Ola Eldevik,5998,30,2023-12-14T21:00:11.000Z,https://universalis.app/market/2616
2617,Sinking Minnow,Milleuda Folles,5992,5,2023-11-24T21:34:38.000Z,https://universalis.app/market/2617
2618,Snurble Fly,Climhazzard Fury,5000,5,2023-11-26T12:24:42.000Z,https://universalis.app/market/2618
5349,Snurble Tufts,Aze'a Rinoh,1300,2,2023-12-03T03:00:28.000Z,https://universalis.app/market/5349
2619,Heavy Steel Jig,Crow Armbrust,3000,5,2023-11-25T17:15:59.000Z,https://universalis.app/market/2619
2620,Spinner,Crow Armbrust,5000,5,2023-11-25T17:58:50.000Z,https://universalis.app/market/2620
4900,Whitelip Oyster,Pansy Tinyfoot,2500,3,2023-11-29T15:33:59.000Z,https://universalis.app/market/4900
2622,Mythril Spoon Lure,Finwick Shorttail,5000,1,2023-12-09T02:08:10.000Z,https://universalis.app/market/2622
2623,Wildfowl Fly,Lumina Luna,1750,10,2023-12-12T17:21:21.000Z,https://universalis.app/market/2623
2624,Topwater Frog,Beef Broganoff,5000,5,2023-11-23T18:14:15.000Z,https://universalis.app/market/2624
2625,Rainbow Spoon Lure,Hazalos Prime,4000,5,2023-11-24T01:01:02.000Z,https://universalis.app/market/2625
5466,Blacklip Oyster,Dragonlily Caracal,4860,12,2023-12-07T04:52:53.000Z,https://universalis.app/market/5466
2626,Spinnerbait,I'm Home,4999,10,2023-12-05T01:49:55.000Z,https://universalis.app/market/2626
5329,Undyed Felt,Lockesly L'crit,6002,1,2023-12-02T20:48:32.000Z,https://universalis.app/market/5329
2627,Streamer,Hyoon Murasame,2995,5,2023-12-08T19:07:58.000Z,https://universalis.app/market/2627
2628,Yumizuno,Tai'sahn Kahn,5000,5,2023-11-24T01:44:23.000Z,https://universalis.app/market/2628
2629,Hempen Coif,Annette Hitachine,9000,1,2023-11-25T22:57:35.000Z,https://universalis.app/market/2629
2630,Hempen Coif of Gathering,Arj'el Alaurin,10000000,1,2023-12-01T15:10:22.000Z,https://universalis.app/market/2630
2631,Leather Calot,Adamantoise Stash,127862359,1,2023-12-15T15:55:44.000Z,https://universalis.app/market/2631
2650,Company Hat,So Fetch,970000,1,2023-11-26T21:48:50.000Z,https://universalis.app/market/2650
12590,Ramie Cloth,Methis Rend,9999,1,2023-12-17T16:18:18.000Z,https://universalis.app/market/12590
12595,Ramie Thread,Tsubame Yatsurugi,5000,2,2023-12-01T05:59:44.000Z,https://universalis.app/market/12595
2652,Hempen Bandana,Feathetaria Floraphim,47500000,1,2023-12-09T23:45:32.000Z,https://universalis.app/market/2652
2653,Leather Eyepatch,Thane Kholin,5000,1,2023-11-30T21:54:35.000Z,https://universalis.app/market/2653
2654,Hard Leather Pot Helm,Surly Panther,500,1,2023-12-06T10:12:04.000Z,https://universalis.app/market/2654
2655,Hempen Hat,Direstra Xandu,1000,1,2023-12-02T16:36:04.000Z,https://universalis.app/market/2655
2656,Bronze Chain Coif,Daddy Oats,3,1,2023-12-05T04:19:46.000Z,https://universalis.app/market/2656
5081,Bronze Rings,Griever Beoulve,10,2,2023-11-28T08:07:18.000Z,https://universalis.app/market/5081
2658,Straw Hat,Hran Selnir,74806000,1,2023-12-03T21:55:43.000Z,https://universalis.app/market/2658
5342,Straw,Lilymarie Bean,780,99,2023-12-06T02:29:41.000Z,https://universalis.app/market/5342
2660,Amateur's Headgear,Muffin Oftin,2500,1,2023-11-24T01:46:39.000Z,https://universalis.app/market/2660
2661,Amateur's Hempen Coif,Anghara Indigo,10000,1,2023-12-08T13:05:59.000Z,https://universalis.app/market/2661
2662,Bronze Sallet,Thane Kholin,15000,1,2023-12-01T21:38:32.000Z,https://universalis.app/market/2662
2663,Stablemaid's Hat,Momoji Mori,800,1,2023-12-12T04:41:39.000Z,https://universalis.app/market/2663
5540,Carnation,Taen Forsteps,11998,1,2023-12-13T14:10:36.000Z,https://universalis.app/market/5540
2664,Bronze Barbut,Ripley Love,100,1,2023-11-28T17:06:32.000Z,https://universalis.app/market/2664
2666,Stablehand's Hat,Rotha Ilex,4999,1,2023-12-10T17:48:51.000Z,https://universalis.app/market/2666
2668,Brass Spectacles,Rhavanna Rouge,9000,1,2023-11-23T15:28:14.000Z,https://universalis.app/market/2668
5512,Clear Glass Lens,Tempest Celest,1000,2,2023-11-23T02:37:54.000Z,https://universalis.app/market/5512
2669,Hard Leather Eyepatch,Ume Oryian,1000,1,2023-11-24T15:19:25.000Z,https://universalis.app/market/2669
2670,Cotton Scarf,Cecily Sparrowheart,200000,1,2023-11-28T02:03:27.000Z,https://universalis.app/market/2670
2672,Hard Leather Skullcap,Veneria Foreshadow,500,1,2023-11-28T23:28:38.000Z,https://universalis.app/market/2672
2673,Bronze Celata,Sae Hana,2998,1,2023-12-06T03:39:17.000Z,https://universalis.app/market/2673
2675,Ash Mask,Sylvie Mito,1008,1,2023-11-30T22:17:21.000Z,https://universalis.app/market/2675
2677,Hunting Hat,Alt One,842,1,2023-12-07T23:32:50.000Z,https://universalis.app/market/2677
2680,Decorated Bronze Barbut,Krusos Aureus,15000,1,2023-12-07T00:45:24.000Z,https://universalis.app/market/2680
2685,Brass Circlet (Sunstone),Heimlich Houndeth,3500,1,2023-12-04T00:13:28.000Z,https://universalis.app/market/2685
5169,Sunstone,Gwell Moko,84,2,2023-11-30T22:37:13.000Z,https://universalis.app/market/5169
5170,Danburite,Gwell Moko,600,5,2023-11-30T22:35:31.000Z,https://universalis.app/market/5170
2689,Brass Circlet (Malachite),Beer Pup,4670,1,2023-12-03T02:23:45.000Z,https://universalis.app/market/2689
5171,Malachite,Tabius Korinthos,499,1,2023-12-02T03:21:47.000Z,https://universalis.app/market/5171
2691,Brass Circlet (Sphene),Heimlich Houndeth,15000,1,2023-12-04T20:03:37.000Z,https://universalis.app/market/2691
5172,Sphene,Motoko Kusanyagi,200,1,2023-12-03T19:58:12.000Z,https://universalis.app/market/5172
2693,Brass Circlet (Fluorite),Ms Eldari,98,1,2023-12-12T15:25:37.000Z,https://universalis.app/market/2693
5173,Fluorite,Edenian Saren,1000,12,2023-12-08T05:41:44.000Z,https://universalis.app/market/5173
2695,Brass Circlet (Lapis Lazuli),Remina Kawakami,499,1,2023-12-12T11:41:47.000Z,https://universalis.app/market/2695
5174,Lapis Lazuli,Mira Eliandra,100,2,2023-11-25T03:45:38.000Z,https://universalis.app/market/5174
2697,Goatskin Pot Helm,Beer Pup,2008,1,2023-12-03T02:23:57.000Z,https://universalis.app/market/2697
2699,Cotton Coif,Snow Ash,7650,1,2023-12-08T03:26:51.000Z,https://universalis.app/market/2699
2700,Cotton Coif of Gathering,Jay Seaves,1000,1,2023-11-28T14:07:04.000Z,https://universalis.app/market/2700
2703,Ash Mask (Lapis Lazuli),Yeren Atoel,3000,1,2023-12-09T16:11:30.000Z,https://universalis.app/market/2703
2708,Iron Sallet,Xeos Xeor,4000,1,2023-12-06T15:11:41.000Z,https://universalis.app/market/2708
2710,Goatskin Eyepatch,Vivace Cantabile,15000000,1,2023-12-09T01:03:42.000Z,https://universalis.app/market/2710
5082,Iron Rings,Dia Moonwalker,225,2,2023-12-13T20:19:18.000Z,https://universalis.app/market/5082
2714,Initiate's Headgear,Tai'sahn Kahn,49999,1,2023-11-26T09:03:36.000Z,https://universalis.app/market/2714
2719,Cotton Sugarloaf Hat,Klia Churel,30000000,1,2023-12-02T01:03:49.000Z,https://universalis.app/market/2719
2725,Reinforced Iron Sallet,Vishka Grimm,313,1,2023-11-24T05:41:49.000Z,https://universalis.app/market/2725
2727,Velveteen Bandana,Tove Irryasch,9000,1,2023-12-15T01:26:52.000Z,https://universalis.app/market/2727
2728,Silver Spectacles,False Promises,18999,1,2023-12-18T04:50:26.000Z,https://universalis.app/market/2728
2729,Velveteen Turban,Austrant Monfinot,9000,1,2023-11-29T23:50:06.000Z,https://universalis.app/market/2729
2731,Silver Magnifiers,Biehue Arelagee,30000,1,2023-12-09T08:25:19.000Z,https://universalis.app/market/2731
2733,Velveteen Wedge Cap of Crafting,Asuka Kuroneko,3000,1,2023-11-24T08:22:13.000Z,https://universalis.app/market/2733
2734,Velveteen Wedge Cap of Gathering,Queen Tasha,9500,1,2023-11-28T01:48:54.000Z,https://universalis.app/market/2734
2735,Silver Circlet (Garnet),Moon'n Star,30000,1,2023-11-27T12:13:55.000Z,https://universalis.app/market/2735
5175,Garnet,Yuyumuko Sesemuko,700,1,2023-12-03T14:49:59.000Z,https://universalis.app/market/5175
2737,Silver Circlet (Goshenite),Miso Moonbourne,10000,1,2023-11-29T11:27:16.000Z,https://universalis.app/market/2737
5176,Goshenite,Shinobi Dm,155,2,2023-12-11T10:28:18.000Z,https://universalis.app/market/5176
2739,Silver Circlet (Peridot),Riya Lionett,20000,1,2023-11-25T08:32:32.000Z,https://universalis.app/market/2739
5177,Peridot,U'bilee Odh,250,7,2023-11-27T14:13:08.000Z,https://universalis.app/market/5177
2741,Silver Circlet (Heliodor),Halala Masala,20000,1,2023-11-26T06:42:35.000Z,https://universalis.app/market/2741
5178,Heliodor,Shizuka Inozuka,3000,4,2023-11-29T04:29:41.000Z,https://universalis.app/market/5178
2743,Silver Circlet (Amethyst),Zen Verde,19000,1,2023-12-05T04:40:27.000Z,https://universalis.app/market/2743
5179,Amethyst,Yuki Rena,55,1,2023-12-18T21:08:04.000Z,https://universalis.app/market/5179
2745,Silver Circlet (Aquamarine),Dommy-mommy Gator,5000,1,2023-12-04T00:06:04.000Z,https://universalis.app/market/2745
5180,Aquamarine,Remi Malqir,1000,1,2023-11-28T03:54:06.000Z,https://universalis.app/market/5180
2750,Velveteen Beret,Merinda Sunrider,20000,1,2023-11-29T19:32:45.000Z,https://universalis.app/market/2750
5343,Cotton Boll,Sirmuffin Oftin,550,5,2023-11-27T22:10:27.000Z,https://universalis.app/market/5343
5355,Dodo Feather,Xiao Nemeseos,500,10,2023-12-10T16:05:50.000Z,https://universalis.app/market/5355
2753,Steel Sallet,Ume Oryian,39999,1,2023-11-24T15:02:38.000Z,https://universalis.app/market/2753
2755,Steel Celata,Shion Chos,10000000,1,2023-12-11T23:43:46.000Z,https://universalis.app/market/2755
2757,Vintage Celata,Erebus Corbeau,24942,1,2023-12-06T06:35:46.000Z,https://universalis.app/market/2757
2758,Steel Goggles,Sapphire Sil'feria,36290000,1,2023-12-16T19:43:45.000Z,https://universalis.app/market/2758
2763,Velveteen Sugarloaf Hat,Rhiannon Shantini,19999,1,2023-11-23T08:43:29.000Z,https://universalis.app/market/2763
2767,Skull Eyepatch,Token Kirito,23000,1,2023-12-08T20:58:22.000Z,https://universalis.app/market/2767
2769,Mythril Magnifiers,Madame Krysis,16020000,1,2023-11-25T21:22:17.000Z,https://universalis.app/market/2769
2774,Mythril Spectacles,Cidon Hudon,30000,1,2023-12-03T05:25:01.000Z,https://universalis.app/market/2774
2776,Linen Turban,Potato Plato,51037,1,2023-12-02T00:00:24.000Z,https://universalis.app/market/2776
2778,Angler's Hat,Tai'sahn Kahn,40000,1,2023-11-23T03:58:55.000Z,https://universalis.app/market/2778
2779,Linen Hat,Catnip Lacroix,1999,1,2023-12-19T22:12:47.000Z,https://universalis.app/market/2779
2785,Vintage Chef's Hat,Tyrocco Vandirk,19000,1,2023-12-15T02:34:09.000Z,https://universalis.app/market/2785
2786,Steel Barbut,Mephisto Baelfire,11000,1,2023-12-02T17:27:54.000Z,https://universalis.app/market/2786
2788,Boarskin Pot Helm,Froo Defroo,15000,1,2023-12-13T06:37:40.000Z,https://universalis.app/market/2788
2790,Mythril Circlet (Rubellite),Seren Bancroft,35000,1,2023-11-25T14:34:51.000Z,https://universalis.app/market/2790
5181,Rubellite,Shen Flips,2200,2,2023-11-29T22:30:37.000Z,https://universalis.app/market/5181
2792,Mythril Circlet (Zircon),Moon Binnie,17000,1,2023-12-02T07:34:12.000Z,https://universalis.app/market/2792
5182,Zircon,Dinah Valero,1000,2,2023-11-25T21:13:14.000Z,https://universalis.app/market/5182
2796,Mythril Circlet (Amber),Nasir Thesys,5037,1,2023-11-27T20:03:50.000Z,https://universalis.app/market/2796
5184,Amber,Ari Noa,4444,1,2023-11-24T06:16:30.000Z,https://universalis.app/market/5184
2798,Mythril Circlet (Spinel),Kohaku Kurohana,35000,1,2023-12-06T00:28:48.000Z,https://universalis.app/market/2798
5185,Spinel,Nai Kiba,1000,1,2023-11-26T08:07:14.000Z,https://universalis.app/market/5185
2800,Mythril Circlet (Turquoise),Nauzikaan Nazafareen,6999,1,2023-11-30T05:56:57.000Z,https://universalis.app/market/2800
5186,Turquoise,Alkali Krylios,250,5,2023-11-27T11:57:31.000Z,https://universalis.app/market/5186
2802,Mythril Elmo,Violette Rosa,33000,1,2023-12-11T05:15:42.000Z,https://universalis.app/market/2802
2804,Linen Wedge Cap of Crafting,Asuka Kawahara,8500,1,2023-11-23T05:13:47.000Z,https://universalis.app/market/2804
2805,Linen Wedge Cap of Gathering,Valek Gado,9500,1,2023-11-29T17:23:02.000Z,https://universalis.app/market/2805
2806,Woolen Coif,Alexia Dragonstorm,20000,1,2023-12-17T01:47:09.000Z,https://universalis.app/market/2806
5328,Undyed Woolen Cloth,Bulbus Strombly,4000,3,2023-12-15T19:27:53.000Z,https://universalis.app/market/5328
2810,Woolen Turban,Celes Cherie,5000,1,2023-12-12T08:11:06.000Z,https://universalis.app/market/2810
2812,Mythril Celata,Blix Aska,15000,1,2023-12-06T05:06:19.000Z,https://universalis.app/market/2812
5089,Mythril Rings,Finwick Shorttail,1999,3,2023-12-10T04:42:39.000Z,https://universalis.app/market/5089
2814,Woolen Hat,Yvona Hellebora,20000,1,2023-11-30T13:09:09.000Z,https://universalis.app/market/2814
2816,Linen Deerstalker,Goth Milk,30000,1,2023-11-26T13:38:30.000Z,https://universalis.app/market/2816
2817,Mythril Barbut,Gc Gold,20000,1,2023-11-23T16:28:15.000Z,https://universalis.app/market/2817
2819,Mythril Mesail,Koochi Fujiwara,20000,1,2023-11-24T20:40:11.000Z,https://universalis.app/market/2819
2825,Ranger's Hat,Shiro Zo,146,1,2023-11-26T20:37:12.000Z,https://universalis.app/market/2825
2829,Woolen Beret,Miori Yumite,39999,1,2023-11-26T04:27:07.000Z,https://universalis.app/market/2829
5348,Apkallu Down,Nishi Il,2000,99,2023-12-15T11:26:57.000Z,https://universalis.app/market/5348
2830,Reinforced Mythril Elmo,Oberyn Highwind,60000,1,2023-11-26T03:54:15.000Z,https://universalis.app/market/2830
2832,Woolen Cavalier's Hat,Makeshift Bun,8000,1,2023-12-02T20:41:19.000Z,https://universalis.app/market/2832
2834,Cobalt Preserves,Lilymarie Bean,30000,1,2023-11-24T19:45:22.000Z,https://universalis.app/market/2834
2835,Felt Coif,Penta Nox,23000,1,2023-12-01T05:46:32.000Z,https://universalis.app/market/2835
2837,Felt Coif of Gathering,Neptune Xiii,9499,1,2023-12-06T23:27:55.000Z,https://universalis.app/market/2837
2850,Cobalt Elmo,R'akto Tia,10000,1,2023-12-14T01:42:12.000Z,https://universalis.app/market/2850
2852,Felt Hat,Only Cosm,30000,1,2023-12-03T21:11:54.000Z,https://universalis.app/market/2852
2854,Woolen Deerstalker,Touma Artwell,12000,1,2023-12-08T03:37:24.000Z,https://universalis.app/market/2854
2855,Vintage Jester's Cap,Nasir Thesys,8500,1,2023-11-30T20:17:24.000Z,https://universalis.app/market/2855
2857,Electrum Monocle,Big Mommas,17495,1,2023-12-01T08:08:47.000Z,https://universalis.app/market/2857
5087,Brass Rings,Miss Cruvty,147,2,2023-11-28T09:23:23.000Z,https://universalis.app/market/5087
2859,Cobalt Barbut,Sebastian Voldigold,45000,1,2023-12-17T18:48:22.000Z,https://universalis.app/market/2859
2861,Cobalt Mesail,Aliste Silvertail,35000,1,2023-12-10T01:42:01.000Z,https://universalis.app/market/2861
2862,Raptorskin Pot Helm,Koznhevikova Rhiikoro,45000,1,2023-12-13T03:17:18.000Z,https://universalis.app/market/2862
2870,Electrum Circlet (Rubellite),Meff Y-,54999,1,2023-11-28T01:14:19.000Z,https://universalis.app/market/2870
2872,Electrum Circlet (Zircon),Wineburg Wellss,200000000,1,2023-12-12T06:48:27.000Z,https://universalis.app/market/2872
2876,Electrum Circlet (Amber),Lilymarie Bean,39999,1,2023-11-26T06:43:33.000Z,https://universalis.app/market/2876
2878,Electrum Circlet (Spinel),Kohaku Kurohana,50061,1,2023-12-07T23:12:32.000Z,https://universalis.app/market/2878
2880,Electrum Circlet (Turquoise),Alidiana Elliotosha,4500,1,2023-12-03T18:46:18.000Z,https://universalis.app/market/2880
2882,Rainmaker's Hat,Blue Sky,29996,1,2023-12-05T07:37:44.000Z,https://universalis.app/market/2882
5084,Cobalt Rings,Mide Mizuki,1650,5,2023-11-26T17:00:41.000Z,https://universalis.app/market/5084
2886,Felt Beret,Julie Spicer,48000,1,2023-12-03T04:00:33.000Z,https://universalis.app/market/2886
2888,Vintage Coif,Momaga Dalamaga,29999,1,2023-11-25T04:15:28.000Z,https://universalis.app/market/2888
2889,Cobalt Celata,Star Eirena,850,1,2023-11-30T00:21:48.000Z,https://universalis.app/market/2889
2891,Felt Cavalier's Hat,Niriya' Sunrider,22063,1,2023-12-05T07:41:02.000Z,https://universalis.app/market/2891
2893,Cobalt Sallet,Seren Bancroft,35000,1,2023-12-10T00:40:44.000Z,https://universalis.app/market/2893
2895,Patrician's Wedge Cap,Hardread Ironfist,49999,1,2023-11-29T19:05:25.000Z,https://universalis.app/market/2895
2911,Militia Barbut,Vermillion Star,6648,1,2023-11-24T11:21:38.000Z,https://universalis.app/market/2911
2912,Militia Armet,Repede San,1900,1,2023-12-04T08:22:52.000Z,https://universalis.app/market/2912
2913,Militia Hat,Xander Sol,1172,1,2023-12-01T10:47:09.000Z,https://universalis.app/market/2913
2915,Silver Tricorne,Shizuka Inozuka,3000,1,2023-11-29T04:22:19.000Z,https://universalis.app/market/2915
5287,Uraeus Leather,Hibari Bugai,11999,2,2023-11-26T21:58:31.000Z,https://universalis.app/market/5287
2921,Blacksmith's Goggles,Glynda Windynn,9999,1,2023-12-04T09:48:21.000Z,https://universalis.app/market/2921
2922,Armorer's Visor,Eiro K'allio,9068,1,2023-11-27T03:58:04.000Z,https://universalis.app/market/2922
2923,Goldsmith's Turban,Eiro K'allio,12999,1,2023-11-28T03:07:11.000Z,https://universalis.app/market/2923
2925,Weaver's Gibus,Bur Rito,80000,1,2023-11-28T23:10:31.000Z,https://universalis.app/market/2925
2926,Alchemist's Monocle,Rayquaza Ex,50000,1,2023-12-16T00:43:18.000Z,https://universalis.app/market/2926
2927,Culinarian's Hat,Maxx Alexandros,20000,1,2023-11-30T01:37:14.000Z,https://universalis.app/market/2927
2928,Hamlet Digger's Helmet,Aemlus Karlc,48999,1,2023-12-02T23:58:41.000Z,https://universalis.app/market/2928
2929,Hamlet Cutter's Hat,Rev Rhanithil,50000,1,2023-12-19T19:08:26.000Z,https://universalis.app/market/2929
2930,Hamlet Puller's Hat,Shrimpies Esquire,17000,1,2023-12-03T05:36:29.000Z,https://universalis.app/market/2930
2932,Rose Gold Circlet,Kitt Moana,892,1,2023-12-05T23:25:03.000Z,https://universalis.app/market/2932
2931,Legionary Visor,Wisty Faelira,1750000,1,2023-11-26T17:46:01.000Z,https://universalis.app/market/2931
5067,Rose Gold Ingot,Lysette Vissalia,988,28,2023-11-23T11:23:03.000Z,https://universalis.app/market/5067
2933,Imperial Operative Tricorne,Xander Sol,1448,1,2023-12-01T10:46:35.000Z,https://universalis.app/market/2933
2934,Imperial Operative Hat,Onii Chan'root,4801,1,2023-12-03T05:08:11.000Z,https://universalis.app/market/2934
2938,Gryphonskin Bandana,Xander Sol,1500,1,2023-12-01T10:46:03.000Z,https://universalis.app/market/2938
5289,Hard Hippogryph Leather,Droxius Terrarious,3000,2,2023-12-01T23:12:17.000Z,https://universalis.app/market/5289
2939,Gryphonskin Hat,Va'lette Ny'nax,1889,1,2023-12-04T23:44:14.000Z,https://universalis.app/market/2939
2940,Darksteel Chain Coif,Vicia Faba,1000,1,2023-11-27T06:03:45.000Z,https://universalis.app/market/2940
5085,Darksteel Rings,Marxi Valentine,200,2,2023-12-02T04:53:12.000Z,https://universalis.app/market/5085
2941,Vanya Hat of Casting,Momory Mory,18992,1,2023-11-23T03:15:33.000Z,https://universalis.app/market/2941
5577,Vanya Silk Hat Lining,Yuki Rena,2620,1,2023-12-01T07:29:47.000Z,https://universalis.app/market/5577
2942,Vanya Hat of Healing,Aizen Margrace,17826,1,2023-11-24T02:53:44.000Z,https://universalis.app/market/2942
2958,Hempen Dalmatica,Aquaphoenix Down,243,1,2023-12-13T07:52:04.000Z,https://universalis.app/market/2958
2959,Hempen Dalmatica of Gathering,Khloe Aliapoh,265000000,1,2023-12-16T19:58:27.000Z,https://universalis.app/market/2959
2960,Hempen Tunic,Jcnegi Lrxefr,300000000,1,2023-12-15T22:45:50.000Z,https://universalis.app/market/2960
2961,Hempen Kurta,Willow Riversong,20000000,1,2023-12-12T01:20:28.000Z,https://universalis.app/market/2961
2993,Company Tabard,Cicely Memoire,1399000,1,2023-12-03T19:27:18.000Z,https://universalis.app/market/2993
2996,Hempen Undershirt,Harionage Aogane,9503,1,2023-11-23T17:54:47.000Z,https://universalis.app/market/2996
2997,Hempen Camise,Madame Krysis,107077000,1,2023-12-03T00:33:44.000Z,https://universalis.app/market/2997
2999,Hempen Tabard,Alt One,15000,1,2023-12-07T22:18:00.000Z,https://universalis.app/market/2999
3000,Hempen Cowl,Wisty Faelira,500000,1,2023-12-02T21:52:06.000Z,https://universalis.app/market/3000
3001,Hempen Shepherd's Tunic,Vasto Ishuma,3004,1,2023-11-27T06:39:22.000Z,https://universalis.app/market/3001
3008,Hempen Acton,Thane Kholin,14000,1,2023-12-01T21:38:50.000Z,https://universalis.app/market/3008
5341,Moko Grass,Bellexis Ter'vash,400,2,2023-12-04T19:13:39.000Z,https://universalis.app/market/5341
3010,Hempen Halfrobe,Icarus Sundragon,4003,1,2023-11-29T00:34:05.000Z,https://universalis.app/market/3010
3011,Bronze Haubergeon,Icarus Sundragon,4999,1,2023-11-25T00:47:24.000Z,https://universalis.app/market/3011
3013,Amateur's Doublet Vest,Silver Silver,1900,1,2023-11-23T04:40:47.000Z,https://universalis.app/market/3013
3014,Amateur's Kurta,Creepy Doll,87100000,1,2023-12-08T15:34:41.000Z,https://universalis.app/market/3014
3015,Amateur's Dalmatica,Kyrselda Tsalahn,1006,1,2023-12-03T02:58:23.000Z,https://universalis.app/market/3015
3016,Leather Jacket,Dino Punch-kick,3000,1,2023-11-24T19:07:54.000Z,https://universalis.app/market/3016
3017,Hard Leather Harness,Always Sad,10000,1,2023-11-26T19:21:21.000Z,https://universalis.app/market/3017
3018,Hempen Robe,Kitt Moana,5008,1,2023-12-06T02:31:57.000Z,https://universalis.app/market/3018
3019,Hempen Doublet Vest of Crafting,Lexen Atrans,9000,1,2023-12-17T21:47:10.000Z,https://universalis.app/market/3019
3020,Hempen Doublet Vest of Gathering,Mercredi Velin,4000,1,2023-11-26T03:20:49.000Z,https://universalis.app/market/3020
3022,Cotton Shirt,Rin Chii,10000,1,2023-11-27T22:18:01.000Z,https://universalis.app/market/3022
3023,Cotton Shepherd's Tunic,Akuma Mir,1000,1,2023-12-05T03:30:27.000Z,https://universalis.app/market/3023
3024,Cotton Cowl,Wisty Faelira,20000000,1,2023-12-16T15:57:12.000Z,https://universalis.app/market/3024
3026,Bronze Cuirass,Dommy-mommy Gator,100,1,2023-11-25T19:31:58.000Z,https://universalis.app/market/3026
3028,Cotton Tabard,Ziriel Kore,500,1,2023-12-06T19:54:28.000Z,https://universalis.app/market/3028
3036,Cotton Dalmatica,Weeeeepy Shroom,10000,1,2023-12-11T11:36:52.000Z,https://universalis.app/market/3036
3038,Cotton Dalmatica of Gathering,Johnny-jeans Deno,1000,1,2023-12-01T03:18:08.000Z,https://universalis.app/market/3038
3039,Cotton Acton,Chinami Ezume,70000,1,2023-11-29T02:34:23.000Z,https://universalis.app/market/3039
3041,Cotton Kurta,Remina Kawakami,602,1,2023-12-17T10:39:01.000Z,https://universalis.app/market/3041
3045,Iron Cuirass,Fishtara Moonsong,795,1,2023-11-30T13:02:46.000Z,https://universalis.app/market/3045
3050,Cotton Halfrobe,Estelle Bright,50000,1,2023-12-01T23:24:04.000Z,https://universalis.app/market/3050
3052,Cotton Doublet Vest of Crafting,Lachlan Valentino,49999,1,2023-11-30T00:11:40.000Z,https://universalis.app/market/3052
3053,Cotton Doublet Vest of Gathering,Nell Higgins,42000,1,2023-12-03T13:14:16.000Z,https://universalis.app/market/3053
3057,Iron Scale Mail,Cherbin Kahkol,421,1,2023-11-24T02:39:28.000Z,https://universalis.app/market/3057
3060,Cotton Trapper's Tunic,Ume Oryian,9999,1,2023-12-05T18:55:32.000Z,https://universalis.app/market/3060
3062,Cotton Robe,Maxx Alexandros,5000,1,2023-12-07T11:32:54.000Z,https://universalis.app/market/3062
3064,Initiate's Doublet Vest,Oscar Greywind,30000,1,2023-11-27T04:41:40.000Z,https://universalis.app/market/3064
3065,Initiate's Gown,Stella Solaris,12000,1,2023-12-12T04:00:44.000Z,https://universalis.app/market/3065
3066,Velveteen Shirt,Catnip Lacroix,10000,1,2023-11-30T04:32:05.000Z,https://universalis.app/market/3066
3068,Heavy Iron Armor,Shiki Makura,1500,1,2023-11-24T06:41:12.000Z,https://universalis.app/market/3068
3076,Vintage Coatee,Sumi Jizutsu,40000,1,2023-12-01T01:30:00.000Z,https://universalis.app/market/3076
3009,Moth-eaten Coatee,Lera Mezune,20000000,1,2023-11-26T03:39:08.000Z,https://universalis.app/market/3009
3077,Velveteen Coatee of Crafting,Anikira Hopheart,21000,1,2023-12-07T07:43:17.000Z,https://universalis.app/market/3077
3090,Velveteen Cowl,Kana Ataashi,19999,1,2023-12-02T00:13:35.000Z,https://universalis.app/market/3090
3092,Velveteen Coatee of Gathering,Firran Nocturne,10000,1,2023-12-11T11:13:48.000Z,https://universalis.app/market/3092
3096,Steel Chainmail,Princess Princess,30000,1,2023-12-02T20:32:38.000Z,https://universalis.app/market/3096
5083,Steel Rings,Silvo Noshima,1000,4,2023-11-23T22:44:42.000Z,https://universalis.app/market/5083
3099,Toadskin Jerkin,Sev Slatin,25500,1,2023-12-06T22:53:14.000Z,https://universalis.app/market/3099
3100,Toadskin Jacket,Mikha Magala,29999,1,2023-11-25T03:50:29.000Z,https://universalis.app/market/3100
3102,Steel Cuirass,Alt One,3999,1,2023-12-12T22:12:09.000Z,https://universalis.app/market/3102
3104,Velveteen Gown,Sorsha Tears,29000,1,2023-11-27T05:35:44.000Z,https://universalis.app/market/3104
3105,Vintage Doublet Vest,Tai'sahn Kahn,57000,1,2023-11-23T03:59:12.000Z,https://universalis.app/market/3105
2998,Frayed Cotton Doublet Vest,Jalil Sularn,848,1,2023-12-16T22:28:35.000Z,https://universalis.app/market/2998
3106,Velveteen Robe,Primrose Azelhart,10000,1,2023-11-27T23:15:44.000Z,https://universalis.app/market/3106
3118,Steel Scale Mail,Token Kirito,14999,1,2023-12-08T20:58:30.000Z,https://universalis.app/market/3118
3120,Velveteen Doublet Vest of Crafting,Asher Acorn,39000,1,2023-12-12T01:16:40.000Z,https://universalis.app/market/3120
3121,Velveteen Doublet Vest of Gathering,Bruce Leroi,34990,1,2023-12-02T21:15:58.000Z,https://universalis.app/market/3121
3125,Linen Shirt,Grand Pa,29999,1,2023-11-28T02:21:10.000Z,https://universalis.app/market/3125
3127,Heavy Steel Armor,Alt One,13000,1,2023-12-13T21:51:01.000Z,https://universalis.app/market/3127
3131,Linen Robe,Lunar Chann,20000,1,2023-11-23T19:06:51.000Z,https://universalis.app/market/3131
3137,Vintage Chef's Apron,Z'taria Minett,22500,1,2023-12-11T15:46:58.000Z,https://universalis.app/market/3137
3012,Stained Chef's Apron,Seth Gunnhildr,3650,1,2023-12-07T11:58:38.000Z,https://universalis.app/market/3012
3138,Boarskin Harness,Koznhevikova Rhiikoro,35000,1,2023-12-12T01:39:35.000Z,https://universalis.app/market/3138
3140,Linen Cowl,Nihilun Vale,25000,1,2023-12-04T00:57:52.000Z,https://universalis.app/market/3140
3142,Horn Scale Mail,Vindi Bajhiri,30069,1,2023-11-28T21:31:57.000Z,https://universalis.app/market/3142
3144,Linen Coatee of Crafting,Catnip Lacroix,40000,1,2023-12-19T22:23:54.000Z,https://universalis.app/market/3144
3145,Linen Coatee of Gathering,Von Grim,15000,1,2023-12-09T05:50:51.000Z,https://universalis.app/market/3145
3146,Linen Bliaud,Pandora Jade,25000,1,2023-11-24T03:01:34.000Z,https://universalis.app/market/3146
3147,Woolen Shirt,Umbra Ardere,45000,1,2023-11-26T07:24:49.000Z,https://universalis.app/market/3147
3149,Mythril Cuirass,Mephisto Baelfire,49999,1,2023-12-17T04:37:32.000Z,https://universalis.app/market/3149
3160,Woolen Robe,Cielo Le'fleur,25000,1,2023-11-23T17:31:28.000Z,https://universalis.app/market/3160
3162,Linen Smock,Don Ramon,30000,1,2023-11-29T15:51:50.000Z,https://universalis.app/market/3162
3163,Linen Doublet,Azra Sunna,18000,1,2023-11-28T05:24:42.000Z,https://universalis.app/market/3163
3164,Vintage Scale Mail,Amunaptra Atem,40000,1,2023-11-25T22:47:20.000Z,https://universalis.app/market/3164
3021,Blackened Scale Mail,Beba Loot,888,1,2023-11-24T00:47:25.000Z,https://universalis.app/market/3021
3165,Peisteskin Harness,Lil Mil,35000,1,2023-12-01T05:59:42.000Z,https://universalis.app/market/3165
3172,Ranger's Tunic,Fallexi Vallandros,25000,1,2023-11-26T00:18:08.000Z,https://universalis.app/market/3172
3174,Mythril Haubergeon,Shizuka Inozuka,26250,1,2023-11-29T04:17:32.000Z,https://universalis.app/market/3174
3176,Woolen Gown,Hi Adept,39999,1,2023-11-23T17:34:02.000Z,https://universalis.app/market/3176
3177,Boarskin Jerkin,Veneria Foreshadow,30000,1,2023-11-28T23:31:28.000Z,https://universalis.app/market/3177
3178,Woolen Bliaud,Big Mommas,2000,1,2023-12-01T07:30:36.000Z,https://universalis.app/market/3178
3180,High Mythril Armor,Arnet Atoel,65000,1,2023-12-18T19:39:32.000Z,https://universalis.app/market/3180
3182,Vintage Seneschal Coatee,Mide Mizuki,28850,1,2023-11-24T04:39:35.000Z,https://universalis.app/market/3182
3183,Tortoiseshell Scale Mail,Astra Bourreaux,5000,1,2023-11-27T03:50:01.000Z,https://universalis.app/market/3183
3185,Felt Robe,Fox Warbird,11085,1,2023-11-24T08:38:47.000Z,https://universalis.app/market/3185
3187,Woolen Smock,Sumi Jizutsu,19999,1,2023-12-10T02:35:39.000Z,https://universalis.app/market/3187
3188,Woolen Doublet,Nessa Mshar,13800,1,2023-11-29T07:20:13.000Z,https://universalis.app/market/3188
3191,Raptorskin Harness,Aymeko Ibuki,65000,1,2023-11-23T08:27:02.000Z,https://universalis.app/market/3191
3201,Rainmaker's Tunic,Ydna Kehn,23899,1,2023-12-04T09:12:09.000Z,https://universalis.app/market/3201
3203,Cobalt Haubergeon,Lilymarie Bean,49999,1,2023-11-25T05:10:47.000Z,https://universalis.app/market/3203
3205,Felt Gown,Fus Roduh,23999,1,2023-11-24T02:02:10.000Z,https://universalis.app/market/3205
3206,Raptorskin Jerkin,Googly' Moogly,50000,1,2023-12-11T15:48:40.000Z,https://universalis.app/market/3206
3208,Vintage Robe,Pansy Tinyfoot,35150,1,2023-11-24T23:45:13.000Z,https://universalis.app/market/3208
3211,Felt Bliaud,Lee Milkus,29000,1,2023-11-27T01:51:58.000Z,https://universalis.app/market/3211
3213,Raptorskin Jacket,Aro Godo,55000,1,2023-11-27T22:20:05.000Z,https://universalis.app/market/3213
3215,Patrician's Coatee,Potato Plato,44999,1,2023-12-19T01:46:02.000Z,https://universalis.app/market/3215
3218,Vintage Haubergeon,Nessa Mshar,38998,1,2023-11-30T06:00:24.000Z,https://universalis.app/market/3218
3229,Carpenter's Gown,Michael Hatsune,14000,1,2023-11-29T13:49:22.000Z,https://universalis.app/market/3229
3230,Blacksmith's Apron,Nyx Daemonborne,25000,1,2023-11-26T05:20:04.000Z,https://universalis.app/market/3230
3231,Armorer's Gown,Eiro K'allio,17897,1,2023-11-27T03:58:15.000Z,https://universalis.app/market/3231
3232,Goldsmith's Doublet,Eiro K'allio,48297,1,2023-11-28T03:06:38.000Z,https://universalis.app/market/3232
3233,Leatherworker's Shirt,Tarot Ashencloak,46000,1,2023-12-11T19:42:23.000Z,https://universalis.app/market/3233
3234,Weaver's Swallowtail,Secret Puffin,45000,1,2023-11-28T00:08:49.000Z,https://universalis.app/market/3234
3235,Alchemist's Coat,Sgt Combustable,50000,1,2023-11-28T11:23:15.000Z,https://universalis.app/market/3235
3236,Culinarian's Apron,Z'taria Minett,50000,1,2023-12-11T17:58:23.000Z,https://universalis.app/market/3236
3237,Miner's Shirt,Aemlus Karlc,70000,1,2023-12-02T23:58:36.000Z,https://universalis.app/market/3237
3238,Botanist's Doublet,Aliste Silvertail,70000,1,2023-12-10T01:42:10.000Z,https://universalis.app/market/3238
3239,Fisher's Shirt,Yxeng Tataraji,49900,1,2023-12-20T18:11:12.000Z,https://universalis.app/market/3239
3240,Militia Robe,Nikkia Bovino,6496,1,2023-12-02T20:52:43.000Z,https://universalis.app/market/3240
3241,Militia Cuirass,Lena Celah,15468,1,2023-11-29T03:08:19.000Z,https://universalis.app/market/3241
3242,Militia Harness,Cat Name,17000,1,2023-11-26T01:08:20.000Z,https://universalis.app/market/3242
3243,Mosshorn Scale Mail,Renji Almiraj,7888,1,2023-12-10T15:03:19.000Z,https://universalis.app/market/3243
5437,Mossy Horn,Saltheart Foamfollow,659,1,2023-11-28T22:37:48.000Z,https://universalis.app/market/5437
3244,Dodore Doublet,Nessa Mshar,45000,1,2023-11-29T07:19:49.000Z,https://universalis.app/market/3244
5286,Dodore Leather,Hibari Bugai,500,2,2023-11-26T21:58:44.000Z,https://universalis.app/market/5286
3249,Imperial Operative Dalmatica,Silvia Mehdre,3750,1,2023-12-09T19:06:29.000Z,https://universalis.app/market/3249
3256,Heavy Darksteel Armor,You're Doomed,6908,1,2023-12-04T20:52:36.000Z,https://universalis.app/market/3256
5585,Darksteel Breastplate,Marxi Valentine,3000,1,2023-12-02T04:54:03.000Z,https://universalis.app/market/5585
3257,Darksteel Haubergeon,Xander Sol,1198,1,2023-12-01T10:47:33.000Z,https://universalis.app/market/3257
5105,Garlean Steel Plate,Ryana Stormbringer,500000,1,2023-11-26T13:53:27.000Z,https://universalis.app/market/5105
3258,Gryphonskin Jerkin,Toriyo Kiba,9480,1,2023-12-04T20:43:59.000Z,https://universalis.app/market/3258
5290,Coeurl Fur,Ishtara Moonsong,188,2,2023-11-23T13:07:17.000Z,https://universalis.app/market/5290
5581,Gryphonskin Shoulder Guards,Cedrik Winterbane,2098,1,2023-12-01T05:01:43.000Z,https://universalis.app/market/5581
3259,Gryphonskin Tunic,Nov'a Nhaesin,1989,1,2023-12-15T14:04:56.000Z,https://universalis.app/market/3259
5104,Garlean Steel Joint,Shirase Yoshida,3000,1,2023-11-28T02:28:56.000Z,https://universalis.app/market/5104
3260,Vanya Robe of Casting,Talla Dega,1500,1,2023-12-06T02:19:31.000Z,https://universalis.app/market/3260
5578,Vanya Silk Robe Lining,Didri Winterset,2000,2,2023-12-16T02:49:00.000Z,https://universalis.app/market/5578
3261,Vanya Robe of Healing,Loren Primrose,8499,1,2023-12-17T18:14:28.000Z,https://universalis.app/market/3261
3274,Hempen Breeches,Kethix Olara,30000,1,2023-12-19T15:29:12.000Z,https://universalis.app/market/3274
3275,Hempen Breeches of Crafting,Yuki Rena,900,1,2023-12-17T17:24:15.000Z,https://universalis.app/market/3275
3276,Hempen Shepherd's Slops,Aloria Clarygin,20000,1,2023-12-14T01:59:44.000Z,https://universalis.app/market/3276
3307,Hempen Underpants,Velikas Sieghart,30000000,1,2023-11-23T01:40:10.000Z,https://universalis.app/market/3307
3308,Hempen Pantalettes,Rina Aoki,353000000,1,2023-12-02T05:25:56.000Z,https://universalis.app/market/3308
3309,Hempen Chausses,Ziriel Kore,1999,1,2023-12-06T19:56:43.000Z,https://universalis.app/market/3309
3310,Leather Culottes,Zelda Faye,900,1,2023-11-30T07:17:55.000Z,https://universalis.app/market/3310
3311,Hempen Sarouel,Ume Oryian,10000,1,2023-12-11T06:18:48.000Z,https://universalis.app/market/3311
3312,Hempen Tights,Nistia Kerra,50002,1,2023-12-10T04:46:55.000Z,https://universalis.app/market/3312
3313,Hempen Kecks,Saren Blackthorne,1500,1,2023-12-15T06:58:15.000Z,https://universalis.app/market/3313
3314,Hempen Gaskins,Tokii Ulbright,15000,1,2023-12-07T17:57:49.000Z,https://universalis.app/market/3314
3315,Amateur's Slops,Riku Agatsuma,98990,1,2023-11-29T00:22:30.000Z,https://universalis.app/market/3315
3316,Amateur's Breeches,Dino Punch-kick,25000,1,2023-11-24T19:08:41.000Z,https://universalis.app/market/3316
3317,Hempen Bottoms,Meg'thee Stallion,10006,1,2023-12-03T23:16:57.000Z,https://universalis.app/market/3317
3318,Hempen Trousers,Dino Punch-kick,20000,1,2023-11-24T19:08:35.000Z,https://universalis.app/market/3318
3319,Hard Leather Subligar,Koznhevikova Rhiikoro,10009,1,2023-12-01T00:11:10.000Z,https://universalis.app/market/3319
3320,Striped Cotton Slops,Archie Kyu,5010,1,2023-11-24T04:52:11.000Z,https://universalis.app/market/3320
3321,Cotton Sarouel,Buttered Pancakes,10011,1,2023-11-24T22:04:54.000Z,https://universalis.app/market/3321
3322,Cotton Shepherd's Slops,Zarah Ellismarrah,10000,1,2023-12-18T19:15:19.000Z,https://universalis.app/market/3322
3324,Cotton Chausses,Shizuka Inozuka,500,1,2023-11-27T09:04:48.000Z,https://universalis.app/market/3324
3325,Padded Hempen Trousers,Remina Kawakami,1200,1,2023-12-16T05:15:08.000Z,https://universalis.app/market/3325
3327,Cotton Tights,Thrull Smasher,25000,1,2023-12-03T20:11:30.000Z,https://universalis.app/market/3327
3332,Cotton Trousers,Youro Sleeper,4000,1,2023-12-06T18:42:42.000Z,https://universalis.app/market/3332
3334,Cotton Breeches,Ifritson Firedude,19998,1,2023-12-17T01:55:02.000Z,https://universalis.app/market/3334
3336,Cotton Breeches of Crafting,Masha Tayuun,99999,1,2023-12-18T06:58:55.000Z,https://universalis.app/market/3336
3337,Goatskin Brais,Dommy-mommy Gator,500,1,2023-12-01T05:12:50.000Z,https://universalis.app/market/3337
3339,Padded Cotton Trousers,Bexalia Asteria,4000,1,2023-12-12T22:35:31.000Z,https://universalis.app/market/3339
3341,Initiate's Slops,Tai'sahn Kahn,646464,1,2023-11-26T09:04:44.000Z,https://universalis.app/market/3341
3343,Cotton Gaskins,Catgirl Waifu,15000,1,2023-12-15T16:41:07.000Z,https://universalis.app/market/3343
3345,Cotton Kecks,Ume Oryian,5000,1,2023-12-05T18:55:44.000Z,https://universalis.app/market/3345
3347,Goatskin Breeches,Lady Satarel,20000,1,2023-12-02T06:03:27.000Z,https://universalis.app/market/3347
3348,Velveteen Chausses,Tatsumi Foxx,29900,1,2023-11-26T21:32:11.000Z,https://universalis.app/market/3348
3349,Velveteen Sarouel,Zelda Faye,20000,1,2023-12-01T07:40:09.000Z,https://universalis.app/market/3349
3351,Velveteen Sarouel of Gathering,Haddred Romero,30000,1,2023-12-02T16:08:00.000Z,https://universalis.app/market/3351
3352,Heavy Iron Flanchard,Exeo Ryoth,5500,1,2023-12-02T00:37:45.000Z,https://universalis.app/market/3352
3354,Striped Velveteen Slops,Apple Achew,15000,1,2023-12-04T00:52:14.000Z,https://universalis.app/market/3354
3355,Velveteen Tights,Hotaru Kurogane,81135,1,2023-11-28T01:23:08.000Z,https://universalis.app/market/3355
3363,Velveteen Bottoms,Saheeli Rai,20000,1,2023-12-14T15:04:04.000Z,https://universalis.app/market/3363
3365,Velveteen Trousers,Aphotic Bpockets,15000,1,2023-11-28T02:37:03.000Z,https://universalis.app/market/3365
3367,Toadskin Brais,Yuli Chan,20000,1,2023-12-09T15:02:46.000Z,https://universalis.app/market/3367
3369,Toadskin Culottes,Saheeli Rai,18000,1,2023-12-11T19:48:09.000Z,https://universalis.app/market/3369
3370,Padded Velveteen Trousers,Oskii Oaaa,2041,1,2023-12-08T04:53:17.000Z,https://universalis.app/market/3370
