id,name,buyerName,pricePerUnit,quantity,timestamp,universalisUrl
1602,Bronze Bastard Sword,Cripplin Depression,1000,1,2023-08-24T08:08:18.000Z,https://universalis.app/market/1602
2,Fire Shard,Ayumi Emi,175,55,2023-08-08T12:51:13.000Z,https://universalis.app/market/2
5,Earth Shard,Killien O'malley,175,100,2023-08-16T03:47:06.000Z,https://universalis.app/market/5
5056,Bronze Ingot,Sircloud Firstclass,31000,20,2023-08-06T22:00:52.000Z,https://universalis.app/market/5056
5361,Maple Lumber,Ms Eldari,700,1,2023-08-12T11:33:26.000Z,https://universalis.app/market/5361
5432,Bone Chip,Kaida Tenshi,100,7,2023-08-12T05:34:25.000Z,https://universalis.app/market/5432
1603,Viking Sword,Eru Chitanda,2999,1,2023-08-09T20:09:21.000Z,https://universalis.app/market/1603
5275,Leather,Kagome Kuroko,269,1,2023-08-04T18:21:23.000Z,https://universalis.app/market/5275
1604,Ash Macuahuitl,Lanche Devereaux,3000,1,2023-08-08T16:24:50.000Z,https://universalis.app/market/1604
3,Ice Shard,Neko Femc,175,55,2023-08-11T05:22:43.000Z,https://universalis.app/market/3
4,Wind Shard,Kira Goldenheart,1000,100,2023-08-24T16:20:15.000Z,https://universalis.app/market/4
5124,Obsidian,Token Eastwood,501,14,2023-08-31T22:11:09.000Z,https://universalis.app/market/5124
5364,Ash Lumber,Treper Merick,3000,13,2023-08-22T04:30:10.000Z,https://universalis.app/market/5364
1605,Bronze Spatha,Rasandria Heavensfall,20000,1,2023-08-05T09:03:11.000Z,https://universalis.app/market/1605
5276,Hard Leather,Ozul Labolas,1000,12,2023-08-13T13:09:37.000Z,https://universalis.app/market/5276
5434,Ram Horn,Clyde Strife,3000001,1,2023-08-12T00:15:36.000Z,https://universalis.app/market/5434
1607,Brass Bastard Sword,Saure Flamberge,7299,1,2023-08-06T04:56:20.000Z,https://universalis.app/market/1607
5063,Brass Ingot,Tatsuya Hakuryu,1000,1,2023-08-22T02:20:56.000Z,https://universalis.app/market/5063
1609,Brass Viking Sword,Crash Slays,10000,1,2023-08-08T20:01:37.000Z,https://universalis.app/market/1609
5277,Aldgoat Leather,Kagra Storm,5000,10,2023-08-20T02:20:19.000Z,https://universalis.app/market/5277
1611,Carnage Sword,Brathgar Inivisch,1000,1,2023-08-11T06:43:24.000Z,https://universalis.app/market/1611
1614,Iron Shortsword,Kate Kisseze,4001,1,2023-08-13T06:17:48.000Z,https://universalis.app/market/1614
5057,Iron Ingot,Vanilla Mochi,2002,5,2023-08-07T17:12:15.000Z,https://universalis.app/market/5057
5367,Elm Lumber,Holt Beast,5000,1,2023-08-15T03:23:43.000Z,https://universalis.app/market/5367
1622,Iron Spatha,Malachi Watson,9995,1,2023-08-20T06:26:30.000Z,https://universalis.app/market/1622
5435,Antelope Horn,Momo Ka,10000,19,2023-08-19T16:14:26.000Z,https://universalis.app/market/5435
1625,Steel Broadsword,Anime Wizz,15000,1,2023-08-12T14:59:36.000Z,https://universalis.app/market/1625
5058,Steel Ingot,Moody Wifey,5001,1,2023-08-17T05:58:06.000Z,https://universalis.app/market/5058
5371,Walnut Lumber,Shell Bells,5000,10,2023-08-15T23:54:10.000Z,https://universalis.app/market/5371
5444,Wolf Fang,Solar Arashi,4949,12,2023-08-23T20:45:32.000Z,https://universalis.app/market/5444
1627,Elm Macuahuitl,Anime Wizz,10000,1,2023-08-12T16:48:36.000Z,https://universalis.app/market/1627
1633,Steel Falchion,Ryu Lightstalker,21000,1,2023-08-14T07:29:58.000Z,https://universalis.app/market/1633
5260,Siltstone Whetstone,Paramora Sen,5000,1,2023-08-21T04:40:10.000Z,https://universalis.app/market/5260
1635,Vintage Bastard Sword,Izet Ajolla,29898,1,2023-08-17T19:38:34.000Z,https://universalis.app/market/1635
8,Fire Crystal,Re'gor Tegne,175,55,2023-08-09T06:15:52.000Z,https://universalis.app/market/8
1606,Blunt Bastard Sword,Rachel Strun,9750,1,2023-08-06T04:28:15.000Z,https://universalis.app/market/1606
5259,Mudstone Whetstone,Eliza Hurst,650,4,2023-08-11T02:07:56.000Z,https://universalis.app/market/5259
1637,Walnut Macuahuitl,Astrea Zinthos,10000,1,2023-08-24T03:18:34.000Z,https://universalis.app/market/1637
5125,Wyvern Obsidian,Licht Mictian,273,25,2023-08-08T00:46:11.000Z,https://universalis.app/market/5125
1639,Steel Longsword,Yora Rofnhiru,40046,1,2023-08-26T04:53:50.000Z,https://universalis.app/market/1639
5504,Fish Glue,Riku Hyakuya,1000,2,2023-08-20T20:53:03.000Z,https://universalis.app/market/5504
1642,Goblin Scimitar,Ifion Roaz,20000,1,2023-08-13T04:12:16.000Z,https://universalis.app/market/1642
1613,Blunt Goblin Scimitar,Drakkon Ren,1025,1,2023-08-14T02:29:03.000Z,https://universalis.app/market/1613
1643,Mythril Broadsword,Daeji Bulgogi,24499,1,2023-08-05T23:04:56.000Z,https://universalis.app/market/1643
5065,Mythril Ingot,Yugi Momo,2002,20,2023-08-24T11:44:22.000Z,https://universalis.app/market/5065
5373,Oak Lumber,Birdie Blanco,6000,3,2023-08-13T01:41:31.000Z,https://universalis.app/market/5373
1648,Vintage Viking Sword,Lust Ul'timecia,30000,1,2023-08-27T22:14:40.000Z,https://universalis.app/market/1648
11,Earth Crystal,Pearl Necklace,998,200,2023-08-07T11:41:57.000Z,https://universalis.app/market/11
1616,Nicked Viking Sword,Bora Akamichi,2000,1,2023-08-21T13:54:28.000Z,https://universalis.app/market/1616
1649,Goblin Longsword,Bombadil Willowbork,20000,1,2023-08-14T06:10:53.000Z,https://universalis.app/market/1649
1621,Blunt Goblin Longsword,Rendo Emberfang,10500,1,2023-08-08T22:14:12.000Z,https://universalis.app/market/1621
5262,Basilisk Whetstone,Starry Moonlight,1000,1,2023-08-07T19:28:27.000Z,https://universalis.app/market/5262
1650,Plumed Oak Macuahuitl,Tre Six,14000,1,2023-08-22T09:40:27.000Z,https://universalis.app/market/1650
5360,Wildfowl Feather,Rhell Azurmyste,8000,1,2023-08-29T19:31:10.000Z,https://universalis.app/market/5360
1657,Cobalt Katzbalger,Nephrai Delaveuce,15000,1,2023-08-10T16:28:09.000Z,https://universalis.app/market/1657
5059,Cobalt Ingot,Alice Flameheart,3599,1,2023-08-06T13:12:46.000Z,https://universalis.app/market/5059
5066,Electrum Ingot,Ariana Malaki,9999,1,2023-08-29T02:13:20.000Z,https://universalis.app/market/5066
5282,Boar Leather,Atomic Leolaeus,10000,1,2023-08-22T16:58:32.000Z,https://universalis.app/market/5282
1659,Cobalt Shamshir,Wultgar Wight,49999,1,2023-08-24T19:51:03.000Z,https://universalis.app/market/1659
5436,Aldgoat Horn,Lunelle Lavigne,20000,5,2023-08-20T05:01:49.000Z,https://universalis.app/market/5436
1663,Cobalt Winglet,Oona Oona,49999,1,2023-08-04T02:36:16.000Z,https://universalis.app/market/1663
5374,Mahogany Lumber,Parro Ellasch,3500,1,2023-08-11T01:17:46.000Z,https://universalis.app/market/5374
5465,Sunrise Tellin,Momonne Saucier,899,7,2023-08-21T16:32:38.000Z,https://universalis.app/market/5465
5505,Horn Glue,Cave Dweller,6969,2,2023-08-26T04:59:16.000Z,https://universalis.app/market/5505
1666,Giantsgall Longsword,Darth Smoof,3999,1,2023-08-06T23:41:26.000Z,https://universalis.app/market/1666
18,Lightning Cluster,Kaptain Kirk,777,100,2023-08-05T02:00:50.000Z,https://universalis.app/market/18
19,Water Cluster,Indra Lambert,1111,111,2023-08-19T16:35:23.000Z,https://universalis.app/market/19
7620,Diluted Vitriol,Venase Ymir,1000,1,2023-08-27T18:50:19.000Z,https://universalis.app/market/7620
1670,Aeolian Scimitar,Silly-little Guy,98899,1,2023-08-07T04:20:05.000Z,https://universalis.app/market/1670
1636,Blunt Aeolian Scimitar,Arion Casea,9358,1,2023-08-22T01:40:12.000Z,https://universalis.app/market/1636
5061,Darksteel Nugget,Surly Panther,5001,3,2023-08-15T23:45:04.000Z,https://universalis.app/market/5061
1673,Mailbreaker,Reacyn Pogue,2999,1,2023-08-12T02:14:39.000Z,https://universalis.app/market/1673
14,Fire Cluster,Indra Lambert,789,100,2023-08-19T16:34:08.000Z,https://universalis.app/market/14
17,Earth Cluster,Hozu Stollyin,150,9999,2023-08-23T14:58:47.000Z,https://universalis.app/market/17
5068,Rose Gold Nugget,Surly Panther,7500,2,2023-08-15T23:44:13.000Z,https://universalis.app/market/5068
5288,Hippogryph Leather,Saltea Feelings,2000,3,2023-08-09T08:52:51.000Z,https://universalis.app/market/5288
5570,Mailbreaker Blade,Didrianna Winterset,2000,2,2023-08-05T21:47:47.000Z,https://universalis.app/market/5570
1681,Bone Hora,Rough Unicorn,9000,1,2023-08-07T02:59:01.000Z,https://universalis.app/market/1681
5318,Animal Sinew,Premium Heart,500,1,2023-08-08T00:23:59.000Z,https://universalis.app/market/5318
1682,Leather Himantes,Ghost Alekseeva,445,1,2023-08-12T20:53:31.000Z,https://universalis.app/market/1682
5324,Undyed Hempen Cloth,Ruck Bludger,498,5,2023-08-05T01:10:36.000Z,https://universalis.app/market/5324
1683,Ramhorn Claws,Scathach Fionnlagh,3200,1,2023-08-15T01:40:56.000Z,https://universalis.app/market/1683
1684,Bronze Knuckles,Redx Alpha,5000,1,2023-08-22T15:24:59.000Z,https://universalis.app/market/1684
1685,Hard Leather Himantes,Nuishari Kinatsu,200,1,2023-08-12T07:34:47.000Z,https://universalis.app/market/1685
1686,Brass Knuckles,Tio Tot,3000,1,2023-08-04T20:20:44.000Z,https://universalis.app/market/1686
1688,Goatskin Cesti,Lost Compass,11000,1,2023-08-12T05:57:41.000Z,https://universalis.app/market/1688
5319,Beast Sinew,Haldan Hart,1001,1,2023-08-16T06:20:41.000Z,https://universalis.app/market/5319
1694,Spiked Knuckles,Fenix Fyre,15000,1,2023-08-14T01:01:41.000Z,https://universalis.app/market/1694
5072,Iron Plate,Kuin Sadi,1002,4,2023-08-12T20:29:48.000Z,https://universalis.app/market/5072
1697,Toadskin Cesti,Lumine Stella,25500,1,2023-08-30T02:04:36.000Z,https://universalis.app/market/1697
5280,Toad Leather,Sanna Rosewood,5000,3,2023-08-14T17:35:21.000Z,https://universalis.app/market/5280
5320,Diremite Sinew,Acja Qoet,2000,1,2023-08-28T01:33:15.000Z,https://universalis.app/market/5320
1699,Steel Claws,Raih'li Relanah,10000,1,2023-08-21T23:39:46.000Z,https://universalis.app/market/1699
5073,Steel Plate,Dizzy Wizzy,5000,18,2023-08-14T20:11:55.000Z,https://universalis.app/market/5073
5321,Hippogryph Sinew,Ringdald Magic,1000,1,2023-08-06T13:32:12.000Z,https://universalis.app/market/5321
5456,Green Megalocrab Shell,Ms Eldari,500,1,2023-08-12T11:32:23.000Z,https://universalis.app/market/5456
1708,Boarskin Himantes,Ysera Dei-ljla,22000,1,2023-08-22T06:27:26.000Z,https://universalis.app/market/1708
1711,Mythril Claws,Fenix Fyre,20000,1,2023-08-19T19:49:39.000Z,https://universalis.app/market/1711
5079,Mythril Plate,Taplorix Celksis,8000,2,2023-08-13T05:11:54.000Z,https://universalis.app/market/5079
1716,Tortoiseshell Hora,Cain Tennos,18585,1,2023-08-05T02:26:03.000Z,https://universalis.app/market/1716
5322,Raptor Sinew,Axewyb Beegeimwyn,2001,1,2023-08-17T05:16:00.000Z,https://universalis.app/market/5322
5458,Adamantoise Shell,Griever Stormborn,70,1,2023-08-17T01:55:39.000Z,https://universalis.app/market/5458
1723,Cobalt Knuckles,Selene Horises,49999,1,2023-08-09T09:04:55.000Z,https://universalis.app/market/1723
1728,Peisteskin Cesti,L'mihgazo Thish,2299,1,2023-08-13T18:09:41.000Z,https://universalis.app/market/1728
5284,Peiste Leather,G' Koda,1000,1,2023-08-22T19:07:29.000Z,https://universalis.app/market/5284
1732,Vintage Hora,Na Me,12000,1,2023-08-27T17:52:47.000Z,https://universalis.app/market/1732
1701,Chipped Hora,Rygar Winter,4898,1,2023-08-04T04:25:35.000Z,https://universalis.app/market/1701
5285,Raptor Leather,Infernal Ape,4000,10,2023-08-09T23:51:10.000Z,https://universalis.app/market/5285
1733,Cobalt Claws,Metorva Cross,10000,1,2023-08-10T01:04:08.000Z,https://universalis.app/market/1733
5074,Cobalt Plate,Rahaul Pippenger,4800,3,2023-08-14T05:11:55.000Z,https://universalis.app/market/5074
1736,Giantsgall Claws,Mini Hashbrown,9000,1,2023-08-28T08:24:38.000Z,https://universalis.app/market/1736
1740,Wildling's Cesti,Aisling Greytide,79100,1,2023-08-09T01:27:49.000Z,https://universalis.app/market/1740
10,Wind Crystal,Adia Amaya,999,200,2023-08-22T20:03:41.000Z,https://universalis.app/market/10
5567,Bloody Cesti Covers,Didrianna Winterset,2000,1,2023-08-05T21:47:13.000Z,https://universalis.app/market/5567
1743,Avengers,Haydos Thefool,15499,1,2023-08-06T06:08:10.000Z,https://universalis.app/market/1743
5378,Spruce Lumber,Ayla Qayin,4000,2,2023-08-10T20:11:16.000Z,https://universalis.app/market/5378
5571,Avenger Grips,Mellyn Ornitier,2216,1,2023-08-25T21:32:35.000Z,https://universalis.app/market/5571
1750,Bronze War Axe,Narissa Skydragon,3000,1,2023-08-20T11:48:03.000Z,https://universalis.app/market/1750
1751,Bronze Labrys,Appolyon Zara,4500,1,2023-08-05T00:08:36.000Z,https://universalis.app/market/1751
1752,Cloud Axe,Shizuka Inozuka,1000,1,2023-08-18T17:53:57.000Z,https://universalis.app/market/1752
1753,Spiked Bronze Labrys,Sun Wu'kong,5000,1,2023-08-10T23:36:35.000Z,https://universalis.app/market/1753
1754,Iron War Axe,Lumine Lislo,10000,1,2023-08-05T06:32:53.000Z,https://universalis.app/market/1754
1756,Iron Labrys,Severa Nanase,14900,1,2023-08-13T18:07:38.000Z,https://universalis.app/market/1756
1758,Inferno Axe,Torsten Foxe,7019,1,2023-08-26T20:14:39.000Z,https://universalis.app/market/1758
1764,Iron Bill,Raih'li Relanah,10026,1,2023-08-18T21:29:43.000Z,https://universalis.app/market/1764
4856,Clove Oil,Dayna Lorelei,999,3,2023-08-27T04:00:54.000Z,https://universalis.app/market/4856
5368,Yew Lumber,Faedra Whiteblood,2000,1,2023-08-14T15:50:25.000Z,https://universalis.app/market/5368
1766,Thunderstorm Axe,Mira Stefanova,2000,1,2023-08-04T08:20:32.000Z,https://universalis.app/market/1766
5064,Silver Ingot,Lily Eterna,5000,2,2023-08-26T13:46:36.000Z,https://universalis.app/market/5064
1769,Spiked Steel Labrys,Qingfu Yevven,10000,1,2023-08-25T18:58:46.000Z,https://universalis.app/market/1769
1776,Steel Bardiche,Sumi Jizutsu,20053,1,2023-08-18T22:54:19.000Z,https://universalis.app/market/1776
5405,Yew Branch,Re'gor Tegne,1000,1,2023-08-18T03:15:42.000Z,https://universalis.app/market/5405
1778,Steel Bhuj,Mavis Quinn,39999,1,2023-08-06T00:36:13.000Z,https://universalis.app/market/1778
1781,Spiked Mythril Labrys,Sin'na Deena,20000,1,2023-08-23T17:38:32.000Z,https://universalis.app/market/1781
1786,Mythril Bhuj,Yora Rofnhiru,45000,1,2023-08-26T22:37:42.000Z,https://universalis.app/market/1786
1796,Buccaneer's Bardiche,Robyn Banks,40000,1,2023-08-21T00:10:28.000Z,https://universalis.app/market/1796
5414,Rosewood Branch,Wil Marshall,1111,1,2023-08-28T21:21:49.000Z,https://universalis.app/market/5414
1801,Demilune Bhuj,Keygon Drakenguard,40000,1,2023-08-07T00:47:46.000Z,https://universalis.app/market/1801
5196,Jadeite,Yozora Rose,4002,1,2023-08-18T16:33:45.000Z,https://universalis.app/market/5196
1803,Spiked Cobalt Labrys,Reese Reese,50000,1,2023-08-06T12:38:51.000Z,https://universalis.app/market/1803
5376,Rosewood Lumber,Usagi Scarlet,3500,1,2023-08-04T05:08:20.000Z,https://universalis.app/market/5376
1806,Giantsgall War Axe,Nori Matsutake,9199,1,2023-08-05T19:27:20.000Z,https://universalis.app/market/1806
1810,Barbarian's Bardiche,Riku Luna,77950,1,2023-08-26T22:07:39.000Z,https://universalis.app/market/1810
5566,Bloody Bardiche Head,Jillian Foreside,2500,1,2023-08-27T00:14:43.000Z,https://universalis.app/market/5566
1813,Rampager,Xexan Vahn,9000,1,2023-08-13T07:03:11.000Z,https://universalis.app/market/1813
5075,Darksteel Plate,Kitty Nya-nya,5003,17,2023-08-09T04:38:27.000Z,https://universalis.app/market/5075
5572,Rampager Head,Didrianna Winterset,2324,2,2023-08-26T02:06:19.000Z,https://universalis.app/market/5572
1820,Bone Harpoon,Orro'tir Hisilohme,6000,1,2023-08-17T01:54:56.000Z,https://universalis.app/market/1820
5503,Animal Glue,Liliana Vermillion,350,1,2023-08-04T02:38:01.000Z,https://universalis.app/market/5503
1821,Bronze Spear,Ghost Alekseeva,2900,1,2023-08-15T14:05:04.000Z,https://universalis.app/market/1821
5482,Fish Oil,Halvard Lockhart,400,5,2023-08-16T04:59:56.000Z,https://universalis.app/market/5482
1822,Ramhorn Harpoon,Kaminari Senshi,299,1,2023-08-05T00:51:45.000Z,https://universalis.app/market/1822
1823,Feathered Harpoon,Aireo Buni,8999,1,2023-08-09T11:09:29.000Z,https://universalis.app/market/1823
5352,Crow Feather,Arryn Aquila,575,1,2023-08-17T23:48:02.000Z,https://universalis.app/market/5352
5433,Soiled Femur,Adrianna Richard,100,99,2023-08-04T12:18:42.000Z,https://universalis.app/market/5433
1824,Brass Spear,Ryuezane Withersoul,1400,1,2023-08-23T14:50:52.000Z,https://universalis.app/market/1824
1825,Iron Spear,Nono Dodo,5995,1,2023-08-20T07:44:43.000Z,https://universalis.app/market/1825
1827,Iron Lance,Beren Orome,9999,1,2023-08-05T18:38:34.000Z,https://universalis.app/market/1827
1833,Iron Guisarme,Sun Wu'kong,3000,1,2023-08-10T23:36:25.000Z,https://universalis.app/market/1833
1836,Silver Battle Fork,Jomiel Rosenrime,11000,1,2023-08-08T13:55:09.000Z,https://universalis.app/market/1836
5484,Crab Oil,Scott Alan,5000,1,2023-08-08T23:52:25.000Z,https://universalis.app/market/5484
1838,Steel Halberd,Mia Tachikake,9450,1,2023-08-24T11:36:27.000Z,https://universalis.app/market/1838
1845,Steel Spear,Nina Pendleton,23000,1,2023-08-26T14:09:14.000Z,https://universalis.app/market/1845
1847,Heavy Steel Lance,Sursonique D'argelos,22000,1,2023-08-14T22:44:11.000Z,https://universalis.app/market/1847
1850,Yarzonshell Harpoon,Sun Wu'kong,29999,1,2023-08-20T19:08:20.000Z,https://universalis.app/market/1850
5454,Yellow Yarzon Leg,Brownian Motion,1000,1,2023-08-26T17:49:46.000Z,https://universalis.app/market/5454
1855,Mythril Lance,Meteor Selch,24999,1,2023-08-19T17:47:58.000Z,https://universalis.app/market/1855
1862,Cobalt Halberd,Samoon Cozonac,49999,1,2023-08-20T22:06:16.000Z,https://universalis.app/market/1862
1867,Cobalt Trident,Rough Unicorn,26000,1,2023-08-21T00:45:34.000Z,https://universalis.app/market/1867
5486,Shark Oil,Whizmo Rustbolt,5001,3,2023-08-29T23:07:51.000Z,https://universalis.app/market/5486
1871,Vintage Guisarme,Kiba Xing,5000,1,2023-08-06T06:44:31.000Z,https://universalis.app/market/1871
9,Ice Crystal,Bree Macintosh,124,201,2023-08-10T01:03:56.000Z,https://universalis.app/market/9
1872,Hart Guisarme,Jang Mi,35000,1,2023-08-14T14:18:19.000Z,https://universalis.app/market/1872
1875,Giantsgall Trident,Bun Tsukino,6500,1,2023-08-18T14:53:18.000Z,https://universalis.app/market/1875
1879,Champion's Lance,Waynhim Vilesdottir,99900,1,2023-08-11T00:25:48.000Z,https://universalis.app/market/1879
5565,Bloody Lance Head,Rudeus Inferno,5000,1,2023-08-25T02:03:53.000Z,https://universalis.app/market/5565
1882,Obelisk,Nori Matsutake,500,1,2023-08-05T19:29:33.000Z,https://universalis.app/market/1882
5573,Obelisk Head,Cuteness Kills,2300,1,2023-08-26T01:00:25.000Z,https://universalis.app/market/5573
1891,Maple Shortbow,Sikera Usum,5000,1,2023-08-16T06:31:18.000Z,https://universalis.app/market/1891
5333,Hempen Yarn,Big Steppy,111,99,2023-08-09T19:00:06.000Z,https://universalis.app/market/5333
1892,Maple Longbow,Lanche Devereaux,1000,1,2023-08-05T13:22:31.000Z,https://universalis.app/market/1892
5396,Maple Branch,Spllyn Iam,80,17,2023-08-11T21:54:33.000Z,https://universalis.app/market/5396
1893,Plumed Maple Shortbow,Dr Brick,10000,1,2023-08-20T04:42:35.000Z,https://universalis.app/market/1893
5351,Cock Feather,Lilly Lockhart,185,10,2023-08-11T03:20:34.000Z,https://universalis.app/market/5351
1894,Wrapped Maple Longbow,O'aka Xxiii,1150,1,2023-08-16T02:56:09.000Z,https://universalis.app/market/1894
5402,Ash Branch,Travesty Rivia,500,2,2023-08-17T10:07:27.000Z,https://universalis.app/market/5402
1895,Ash Shortbow,Sun Wu'kong,25000,1,2023-08-08T03:47:40.000Z,https://universalis.app/market/1895
1897,Elm Longbow,Keira Mieze,2014,1,2023-08-12T09:53:26.000Z,https://universalis.app/market/1897
5334,Cotton Yarn,Cajole Koverlet,502,1,2023-08-12T17:33:41.000Z,https://universalis.app/market/5334
1899,Elm Velocity Bow,Hephaestus Forge-god,49021,1,2023-08-23T16:52:34.000Z,https://universalis.app/market/1899
1905,Wrapped Elm Longbow,Robyn Banks,9129,1,2023-08-26T01:13:37.000Z,https://universalis.app/market/1905
1908,Ash Composite Bow,Nina Pendleton,10041,1,2023-08-22T17:16:26.000Z,https://universalis.app/market/1908
1915,Ash Cavalry Bow,Umbra Eons,16000,1,2023-08-08T03:19:36.000Z,https://universalis.app/market/1915
5409,Oak Branch,Bunnington Bun,1000,1,2023-08-12T08:40:34.000Z,https://universalis.app/market/5409
1917,Oak Longbow,Shree Kachu,39999,1,2023-08-10T13:03:30.000Z,https://universalis.app/market/1917
5336,Linen Yarn,Sanna Rosewood,20000,1,2023-08-14T17:48:43.000Z,https://universalis.app/market/5336
1920,Mythril Cavalry Bow,Yrys Kha-qalli,29998,1,2023-08-20T16:57:10.000Z,https://universalis.app/market/1920
1925,Oak Composite Bow,Ari Kamikura,50000,1,2023-08-07T06:38:07.000Z,https://universalis.app/market/1925
1932,Cobalt Cavalry Bow,Umbra Eons,20000,1,2023-08-08T03:19:18.000Z,https://universalis.app/market/1932
1937,Yew Longbow,Xavion Qestir,49999,1,2023-08-07T18:38:12.000Z,https://universalis.app/market/1937
1941,Vintage Bow,Trollette Bowregard,19989,1,2023-08-25T05:08:01.000Z,https://universalis.app/market/1941
1910,Warped Bow,Tynged Silverdance,13900,1,2023-08-20T18:11:01.000Z,https://universalis.app/market/1910
1942,Crab Bow,Xavion Qestir,80000,1,2023-08-08T21:38:27.000Z,https://universalis.app/market/1942
5462,Red Coral,Saranthia Dubrinsky,35500,1,2023-08-29T11:02:57.000Z,https://universalis.app/market/5462
1945,Giantsgall Longbow,Althea Amaryllis,1055,1,2023-08-05T15:35:11.000Z,https://universalis.app/market/1945
1949,Longarm's Composite Bow,Korone Inugami',92800,1,2023-08-12T03:50:42.000Z,https://universalis.app/market/1949
5568,Bloody Bow Rim,Lifa Tree,2799,1,2023-08-07T04:42:55.000Z,https://universalis.app/market/5568
1953,Sarnga,Rai Alis,5159,1,2023-08-21T02:14:27.000Z,https://universalis.app/market/1953
15,Ice Cluster,Amber Wood,43,50,2023-08-07T07:18:59.000Z,https://universalis.app/market/15
16,Wind Cluster,Kaptain Kirk,375,500,2023-08-05T02:01:00.000Z,https://universalis.app/market/16
5574,Sarnga Limb,Didrianna Winterset,2381,1,2023-08-26T02:06:33.000Z,https://universalis.app/market/5574
1958,Maple Wand,Sun Wu'kong,10000,1,2023-08-04T02:39:26.000Z,https://universalis.app/market/1958
6,Lightning Shard,Glynda Windynn,201,27,2023-08-20T06:59:35.000Z,https://universalis.app/market/6
7,Water Shard,Elya Verath'an,175,55,2023-08-16T19:24:51.000Z,https://universalis.app/market/7
5470,Growth Formula Alpha,Cielo Le'fleur,2000,3,2023-08-13T21:18:47.000Z,https://universalis.app/market/5470
1959,Whispering Maple Wand,Candy Goblin,2526,1,2023-08-19T03:18:48.000Z,https://universalis.app/market/1959
1960,Budding Maple Wand,Candy Goblin,3500,1,2023-08-19T21:53:06.000Z,https://universalis.app/market/1960
5492,Beastkin Blood,Karena Kuren,51,99,2023-08-16T06:33:55.000Z,https://universalis.app/market/5492
1961,Ash Wand,Lone Light,35000,1,2023-08-27T09:04:06.000Z,https://universalis.app/market/1961
5471,Growth Formula Beta,Derpy Fool,5999,3,2023-08-11T03:28:59.000Z,https://universalis.app/market/5471
1963,Budding Ash Wand,Wolfgang Speedwagon,12000,1,2023-08-24T01:04:28.000Z,https://universalis.app/market/1963
1965,Whispering Ash Wand,Potato Plato,4000,1,2023-08-13T02:55:11.000Z,https://universalis.app/market/1965
5493,Scalekin Blood,Mira Shimono,1500,10,2023-08-26T23:18:41.000Z,https://universalis.app/market/5493
1967,Yew Wand,Crogan Veridant,20000,1,2023-08-24T01:47:21.000Z,https://universalis.app/market/1967
1969,Budding Yew Wand,Bowser Bowser,19000,1,2023-08-20T17:51:19.000Z,https://universalis.app/market/1969
1971,Budding Oak Wand,Meteor Selch,25000,1,2023-08-10T03:57:03.000Z,https://universalis.app/market/1971
4603,Hi-Potion of Mind,Parro Ellasch,2222,1,2023-08-20T23:35:44.000Z,https://universalis.app/market/4603
1974,Wand of Frost,Nan Nan,6000,1,2023-08-08T00:25:01.000Z,https://universalis.app/market/1974
5199,Eye of Ice,Deo Ry,250,1,2023-08-17T06:51:45.000Z,https://universalis.app/market/5199
5472,Growth Formula Gamma,Ozul Labolas,15000,1,2023-08-13T12:00:43.000Z,https://universalis.app/market/5472
1976,Wand of Tremors,Miki Softpaws,20000,1,2023-08-18T04:58:24.000Z,https://universalis.app/market/1976
5201,Eye of Earth,Reed Djt-marouc,1000,2,2023-08-22T20:30:24.000Z,https://universalis.app/market/5201
1978,Wand of Tides,Bowser Bowser,30000,1,2023-08-26T02:44:24.000Z,https://universalis.app/market/1978
5203,Eye of Water,Fortuna Gia,50,2,2023-08-20T23:29:53.000Z,https://universalis.app/market/5203
1981,Wand of Flames,Roxy Gp,10010,1,2023-08-26T23:45:38.000Z,https://universalis.app/market/1981
5198,Eye of Fire,Champagne Mami,3000,1,2023-08-21T16:57:01.000Z,https://universalis.app/market/5198
1983,Wand of Gales,Sierra Northwind,30000,1,2023-08-26T03:47:11.000Z,https://universalis.app/market/1983
5200,Eye of Wind,Akemiko Ishikama,349,2,2023-08-24T07:26:18.000Z,https://universalis.app/market/5200
5202,Eye of Lightning,Griever Stormborn,100,1,2023-08-19T05:44:17.000Z,https://universalis.app/market/5202
1987,Budding Rosewood Wand,Balian Morningstar,59999,1,2023-08-09T01:57:22.000Z,https://universalis.app/market/1987
4608,Mega-Potion of Mind,Selene Horises,10000,1,2023-08-09T15:06:25.000Z,https://universalis.app/market/4608
5494,Spoken Blood,Yuki-onna Raen,3700,5,2023-08-15T23:02:36.000Z,https://universalis.app/market/5494
1996,Maple Cane,Twist Badguy,1950,1,2023-08-11T06:59:07.000Z,https://universalis.app/market/1996
1997,Maple Crook,Gova Sondheim,670,1,2023-08-26T06:23:20.000Z,https://universalis.app/market/1997
1998,Ash Radical,Campanella Ouroboros,1200,1,2023-08-19T03:15:49.000Z,https://universalis.app/market/1998
2000,Elm Cane,Elya Verath'an,1500,1,2023-08-04T13:54:13.000Z,https://universalis.app/market/2000
2002,Elm Crook,Zelda Faye,500,1,2023-08-09T16:32:47.000Z,https://universalis.app/market/2002
2004,Yew Radical,Raedon Gladius,9999,1,2023-08-20T08:21:28.000Z,https://universalis.app/market/2004
2010,Pastoral Yew Cane,Soma Uchiha,1000,1,2023-08-27T09:31:50.000Z,https://universalis.app/market/2010
2011,Yew Crook,Uto Yukitatu,3000,1,2023-08-30T00:26:11.000Z,https://universalis.app/market/2011
2015,Walnut Cane,Poki Molka,29999,1,2023-08-13T04:15:50.000Z,https://universalis.app/market/2015
2021,Plumed Yew Crook,Rasandria Heavensfall,24000,1,2023-08-05T09:03:24.000Z,https://universalis.app/market/2021
2023,Oak Radical,O'aka Xxiii,4995,1,2023-08-21T00:04:35.000Z,https://universalis.app/market/2023
2026,Pastoral Oak Cane,Astrea Zinthos,40074,1,2023-08-24T03:18:14.000Z,https://universalis.app/market/2026
2030,Sprouting Rosewood Radical,Rasandria Heavensfall,20000,1,2023-08-26T13:16:59.000Z,https://universalis.app/market/2030
2039,Jade Crook,Birdie Blanco,39999,1,2023-08-13T01:51:31.000Z,https://universalis.app/market/2039
2041,Vintage Cane,G'willow Fhin,20000,1,2023-08-21T17:31:24.000Z,https://universalis.app/market/2041
2014,Splintered Cane,Lolna Viras,999,1,2023-08-25T21:51:05.000Z,https://universalis.app/market/2014
5335,Dew Thread,Aireo Buni,5000,2,2023-08-08T14:18:34.000Z,https://universalis.app/market/5335
2047,Tane Mahuta,Kikka Kobayashi,39997,1,2023-08-04T18:06:47.000Z,https://universalis.app/market/2047
5555,Ochu Vine,Eluna Wormwood,3000,3,2023-08-23T02:27:00.000Z,https://universalis.app/market/5555
2048,Giantsgall Cane,Hotline Miami,10000,1,2023-08-11T19:18:41.000Z,https://universalis.app/market/2048
2049,Madman's Whispering Rod,Adora Trevelyan,94900,1,2023-08-27T18:41:17.000Z,https://universalis.app/market/2049
12,Lightning Crystal,Parro Ellasch,175,55,2023-08-17T08:59:32.000Z,https://universalis.app/market/12
13,Water Crystal,Aethera Chronos,149,101,2023-08-05T06:36:45.000Z,https://universalis.app/market/13
5473,Growth Formula Delta,Aly Non,5000,10,2023-08-24T19:36:03.000Z,https://universalis.app/market/5473
5537,Thavnairian Mistletoe,Aleka Donaka,906,3,2023-08-18T02:51:56.000Z,https://universalis.app/market/5537
5547,Vampire Plant,Ms Eldari,200,1,2023-08-10T21:28:41.000Z,https://universalis.app/market/5547
2051,Alkalurops,Takeke Take,36124,1,2023-08-12T02:32:07.000Z,https://universalis.app/market/2051
5575,Suspended Trillium Flower,Griever Stormborn,2390,1,2023-08-19T05:31:58.000Z,https://universalis.app/market/5575
2056,Bone Brand,Rasandria Heavensfall,5000,1,2023-08-04T15:51:16.000Z,https://universalis.app/market/2056
5197,Marbled Eye,Verric Lazarus,500,5,2023-08-22T03:55:15.000Z,https://universalis.app/market/5197
2057,Copper Scepter,A'marya Stark,20000,1,2023-08-22T16:46:51.000Z,https://universalis.app/market/2057
5062,Copper Ingot,Deywisvader Dark,267,3,2023-08-17T21:12:59.000Z,https://universalis.app/market/5062
2058,Bronze Scepter,Lanche Devereaux,5000,1,2023-08-07T17:58:00.000Z,https://universalis.app/market/2058
2059,Brass Cudgel,Milaen Fyth,15000,1,2023-08-13T02:16:51.000Z,https://universalis.app/market/2059
2061,Decorated Copper Scepter,Rasandria Heavensfall,7500,1,2023-08-07T07:04:23.000Z,https://universalis.app/market/2061
5258,Ragstone Whetstone,Kevin Zmega,1002,1,2023-08-27T20:10:29.000Z,https://universalis.app/market/5258
2063,Wind Brand,Solara Rose,45000,1,2023-08-08T19:40:21.000Z,https://universalis.app/market/2063
2066,Ice Brand,Cain Tennos,1999,1,2023-08-12T18:51:23.000Z,https://universalis.app/market/2066
2069,Silver Scepter,Shady Echoes,250,1,2023-08-15T06:23:57.000Z,https://universalis.app/market/2069
5527,Brimstone,Alexander Nuvelle,444,1,2023-08-10T03:09:37.000Z,https://universalis.app/market/5527
2071,Earth Brand,Grey Charfang,25000,1,2023-08-23T02:55:22.000Z,https://universalis.app/market/2071
2078,Fire Brand,Elyxian Inferno,29999,1,2023-08-08T23:05:20.000Z,https://universalis.app/market/2078
2083,Lightning Brand,Jolly Greengiant,10000,1,2023-08-18T13:27:58.000Z,https://universalis.app/market/2083
5489,Quicksilver,Ciarda Tynan,800,2,2023-08-19T04:47:45.000Z,https://universalis.app/market/5489
2093,Vintage Cudgel,Sephia Tumult,17899,1,2023-08-19T22:23:03.000Z,https://universalis.app/market/2093
2068,Damaged Cudgel,Ayumi Tenshi,4500,1,2023-08-09T05:27:36.000Z,https://universalis.app/market/2068
5092,Iron Rivets,Sasa Mai,1999,99,2023-08-25T00:46:11.000Z,https://universalis.app/market/5092
2094,Water Brand,Saamsk Malqir,9998,1,2023-08-04T19:17:37.000Z,https://universalis.app/market/2094
2097,Jade Scepter,Aerik Kha,15000,1,2023-08-20T21:11:25.000Z,https://universalis.app/market/2097
5168,Jade,Chijuu Tenjuu,149,2,2023-08-21T23:49:07.000Z,https://universalis.app/market/5168
5439,Ogre Horn,Ms Eldari,1200,1,2023-08-24T10:52:11.000Z,https://universalis.app/market/5439
2102,Sanguine Scepter,Reinhard Lohengramm,98100,1,2023-08-15T01:48:28.000Z,https://universalis.app/market/2102
5206,Pinprick Pebble,Quinton Armenta,400,2,2023-08-19T02:42:16.000Z,https://universalis.app/market/5206
2106,Bone Staff,Lo'z Sukehiro,5005,1,2023-08-31T00:10:59.000Z,https://universalis.app/market/2106
2107,Ramhorn Staff,Zemra Sinqeriteti,2800,1,2023-08-19T05:06:21.000Z,https://universalis.app/market/2107
2108,Decorated Bone Staff,Candy Goblin,13000,1,2023-08-16T01:47:05.000Z,https://universalis.app/market/2108
5442,Bat Fang,Rei Sasaki,1001,5,2023-08-07T04:04:31.000Z,https://universalis.app/market/5442
2109,Toothed Ramhorn Staff,Specter Fugi,22000,1,2023-08-13T14:09:34.000Z,https://universalis.app/market/2109
2111,Staghorn Staff,Fenrir Iceblood,35000,1,2023-08-15T22:45:26.000Z,https://universalis.app/market/2111
2116,Sanguine Horn Staff,Jolly Greengiant,1999,1,2023-08-05T22:30:11.000Z,https://universalis.app/market/2116
2118,Toothed Staghorn Staff,Sonorous Bell,700,1,2023-08-20T20:32:48.000Z,https://universalis.app/market/2118
2123,Toothed Goathorn Staff,Dough- Boy,3000,1,2023-08-08T19:20:52.000Z,https://universalis.app/market/2123
2125,Horn Staff,Elyxian Inferno,78000,1,2023-08-09T23:19:15.000Z,https://universalis.app/market/2125
2130,Black Horn Staff,Aerik Kha,14000,1,2023-08-16T20:43:52.000Z,https://universalis.app/market/2130
2133,Ivory Staff,Kei Chan,70115,1,2023-08-21T18:31:14.000Z,https://universalis.app/market/2133
2136,Giantsgall Longstaff,Cactuar Waffles,999,1,2023-08-10T05:20:11.000Z,https://universalis.app/market/2136
2139,Astrolabe,Kaiyn Ritzker,1198,1,2023-08-30T03:36:18.000Z,https://universalis.app/market/2139
5576,Astrolabe Clinometer,Didrianna Winterset,2160,1,2023-08-26T02:06:47.000Z,https://universalis.app/market/5576
2143,Leather Grimoire,Arthrilhed Langdale,10000,1,2023-08-11T00:11:30.000Z,https://universalis.app/market/2143
5380,Maple Log,Rei Demi,50000,20,2023-08-07T02:49:56.000Z,https://universalis.app/market/5380
5475,Enchanted Copper Ink,Embry Solmane,885,2,2023-08-26T02:42:34.000Z,https://universalis.app/market/5475
2144,Maple Picatrix,Isla Sea,5000,1,2023-08-10T23:05:33.000Z,https://universalis.app/market/2144
2145,Engraved Leather Grimoire,Siku Noomhi,5000,1,2023-08-21T16:05:59.000Z,https://universalis.app/market/2145
5383,Ash Log,Pretzal Bites,990,2,2023-08-13T00:46:18.000Z,https://universalis.app/market/5383
2146,Ash Picatrix,Gavin Gai,8575,1,2023-08-04T04:04:57.000Z,https://universalis.app/market/2146
2147,Hard Leather Grimoire,Omne'ha Shrenlik,13990,1,2023-08-30T00:42:26.000Z,https://universalis.app/market/2147
5385,Elm Log,Love-punch Jones,5000,1,2023-08-11T05:38:36.000Z,https://universalis.app/market/5385
5476,Enchanted Iron Ink,Blyssbryda Styrnlona,600,2,2023-08-06T21:07:28.000Z,https://universalis.app/market/5476
2149,Engraved Hard Leather Grimoire,Shirai Ackerman,30000,1,2023-08-23T21:53:12.000Z,https://universalis.app/market/2149
5386,Yew Log,Ryss Gealson,700,14,2023-08-27T03:24:19.000Z,https://universalis.app/market/5386
2151,Yew Picatrix,Mora Nevermore,30000,1,2023-08-21T22:28:49.000Z,https://universalis.app/market/2151
2156,Goatskin Grimoire,Keygon Drakenguard,17000,1,2023-08-07T00:56:59.000Z,https://universalis.app/market/2156
5477,Enchanted Silver Ink,Remial Antares,10000,1,2023-08-21T19:47:42.000Z,https://universalis.app/market/5477
2160,Engraved Goatskin Grimoire,Inochino Tenshi,25999,1,2023-08-05T13:48:37.000Z,https://universalis.app/market/2160
5388,Walnut Log,Lenus Kisaragi,10000,3,2023-08-06T22:07:04.000Z,https://universalis.app/market/5388
2166,Book of Silver,Sephia Blackseraph,18000,1,2023-08-15T06:39:58.000Z,https://universalis.app/market/2166
5390,Oak Log,Scott Alan,1000,7,2023-08-10T20:49:24.000Z,https://universalis.app/market/5390
2169,Embossed Book of Silver,Jindal Lae,20000,1,2023-08-07T23:59:42.000Z,https://universalis.app/market/2169
2174,Book of Mythril,Pella Peach,33999,1,2023-08-13T09:46:43.000Z,https://universalis.app/market/2174
5346,Flax,Ayumi Tenshi,439,99,2023-08-06T10:20:55.000Z,https://universalis.app/market/5346
5478,Enchanted Mythril Ink,Torsten Foxe,2290,2,2023-08-17T23:44:40.000Z,https://universalis.app/market/5478
2184,Vintage Picatrix,Bazooka Dan,15000,1,2023-08-09T22:45:56.000Z,https://universalis.app/market/2184
2158,Brittle Picatrix,Artorius Blackwell,140,1,2023-08-17T06:29:52.000Z,https://universalis.app/market/2158
2185,Book of Electrum,Kyoros Sunwrath,22000,1,2023-08-17T20:50:31.000Z,https://universalis.app/market/2185
5337,Woolen Yarn,Big Steppy,1000,99,2023-08-13T16:50:03.000Z,https://universalis.app/market/5337
5393,Rosewood Log,Slightly Knknt,750,10,2023-08-11T01:07:16.000Z,https://universalis.app/market/5393
5479,Enchanted Electrum Ink,Minty Pillow,400,2,2023-08-04T08:53:13.000Z,https://universalis.app/market/5479
2189,Embossed Book of Electrum,Hyunjin Sharkbait,22998,1,2023-08-19T21:07:05.000Z,https://universalis.app/market/2189
2193,Cantamina Thavnaria,Thairynn Stirling,7777,1,2023-08-21T04:54:49.000Z,https://universalis.app/market/2193
5481,Enchanted Rose Gold Ink,Nergui Dataq,10000,2,2023-08-20T22:51:13.000Z,https://universalis.app/market/5481
7586,Weathered Tome,Etho Sensei,20,1,2023-08-15T05:05:40.000Z,https://universalis.app/market/7586
2194,Medica Thavnaria,Astor Deckard,3000,1,2023-08-23T11:40:23.000Z,https://universalis.app/market/2194
2201,Erudite's Picatrix of Healing,Roscoe Rosc,72000,1,2023-08-04T10:31:46.000Z,https://universalis.app/market/2201
5480,Enchanted Gold Ink,Naomi Omnia,24995,1,2023-08-20T03:01:24.000Z,https://universalis.app/market/5480
5569,Bloody Grimoire Binding,Rose Apothecary,2600,2,2023-08-05T02:50:35.000Z,https://universalis.app/market/5569
2202,Erudite's Picatrix of Casting,Korone Inugami',93900,1,2023-08-13T15:27:41.000Z,https://universalis.app/market/2202
2211,Deus Ex Verbis,Seika Suwi,1857,1,2023-08-22T22:09:58.000Z,https://universalis.app/market/2211
5338,Silk Thread,Mystery Of'shadowhall,4000,5,2023-08-09T18:34:24.000Z,https://universalis.app/market/5338
2212,Deus Ex Gratia,Luard Dragheart,10164,1,2023-08-25T13:38:21.000Z,https://universalis.app/market/2212
2219,Square Maple Shield,Tickle Mcbutts,1000,1,2023-08-24T22:15:59.000Z,https://universalis.app/market/2219
5091,Bronze Rivets,Sircloud Firstclass,550,37,2023-08-06T21:56:43.000Z,https://universalis.app/market/5091
12524,Titanium Nugget,Sky Passion,3000,3,2023-08-15T04:14:44.000Z,https://universalis.app/market/12524
12529,Titanium Rivets,Little Navigator,12994,3,2023-08-09T20:46:40.000Z,https://universalis.app/market/12529
12658,Dusk Leather,Darry Darryton,429899,2,2023-08-19T18:59:30.000Z,https://universalis.app/market/12658
2226,Bronze Hoplon,Nellaure Leonhart,10002,1,2023-08-26T23:33:20.000Z,https://universalis.app/market/2226
5071,Bronze Plate,Velyra Le'poridae,900,3,2023-08-07T18:58:42.000Z,https://universalis.app/market/5071
2228,Round Shield,Vatilia Farren,3000,1,2023-08-25T21:07:27.000Z,https://universalis.app/market/2228
2229,Leather Targe,Satomi Sakurajima,1300000,1,2023-08-28T16:58:26.000Z,https://universalis.app/market/2229
2230,Bronze Scutum,Sun Wu'kong,20000,1,2023-08-10T23:36:50.000Z,https://universalis.app/market/2230
2231,Bronze Buckler,Sun Wu'kong,2000,1,2023-08-16T01:16:33.000Z,https://universalis.app/market/2231
2233,Square Ash Shield,Mama Chunk,2600,1,2023-08-16T19:21:46.000Z,https://universalis.app/market/2233
2236,Iron Hoplon,Hrist Vaelhart,49999,1,2023-08-13T04:26:49.000Z,https://universalis.app/market/2236
2238,Vintage Square Shield,Dragorloth Savira,18000,1,2023-08-08T10:29:14.000Z,https://universalis.app/market/2238
2224,Worm-eaten Square Shield,Jolly Greengiant,14999,1,2023-08-17T11:22:06.000Z,https://universalis.app/market/2224
4859,Cider Vinegar,Lifa Tree,500,1,2023-08-05T16:28:31.000Z,https://universalis.app/market/4859
2239,Ironclad Bronze Buckler,Brune Tallgaurde,4666,1,2023-08-27T05:31:46.000Z,https://universalis.app/market/2239
2241,Iron Lantern Shield,Wolfgang Speedwagon,9000,1,2023-08-14T03:45:27.000Z,https://universalis.app/market/2241
5998,Tallow Candle,Uh Oh,4000,1,2023-08-12T14:57:02.000Z,https://universalis.app/market/5998
2244,Vintage Hoplon,Magnus Vayne,25000,1,2023-08-14T23:49:32.000Z,https://universalis.app/market/2244
2246,Viper-crested Round Shield,Drefen Raexs,29999,1,2023-08-23T10:55:52.000Z,https://universalis.app/market/2246
2248,Iron Kite Shield,Hajin Menato,2500,1,2023-08-08T23:31:05.000Z,https://universalis.app/market/2248
2250,Goatskin Targe,Handsome Guy,1000,1,2023-08-10T17:13:01.000Z,https://universalis.app/market/2250
5093,Steel Rivets,Akuma Mir,3000,4,2023-08-22T16:16:35.000Z,https://universalis.app/market/5093
2257,Bull Hoplon,Spllyn Iam,6000,1,2023-08-05T18:06:33.000Z,https://universalis.app/market/2257
2260,Decorated Buckler,Sierra Northwind,12899,1,2023-08-13T19:32:55.000Z,https://universalis.app/market/2260
2262,Decorated Iron Scutum,Koruri Chosai,18000,1,2023-08-19T02:28:49.000Z,https://universalis.app/market/2262
2264,Vintage Buckler,Aerephix Mierqid,16799,1,2023-08-11T08:06:49.000Z,https://universalis.app/market/2264
2268,Bladed Lantern Shield,Ifion Roaz,20000,1,2023-08-13T04:13:07.000Z,https://universalis.app/market/2268
2270,Raptorskin Targe,Stun Fall,39999,1,2023-08-07T20:06:55.000Z,https://universalis.app/market/2270
5099,Mythril Rivets,Linea Aesa,11979,1,2023-08-12T22:03:22.000Z,https://universalis.app/market/5099
2278,Vintage Scutum,Bombadil Willowbork,19989,1,2023-08-12T02:00:04.000Z,https://universalis.app/market/2278
2232,Rusting Scutum,Izumi Hikaria,40000,1,2023-08-07T06:23:42.000Z,https://universalis.app/market/2232
2279,Cobalt Scutum,Cordelia Dawnveil,20000,1,2023-08-12T21:28:27.000Z,https://universalis.app/market/2279
5094,Cobalt Rivets,Battler Ushiromiya,5000,1,2023-08-16T06:22:07.000Z,https://universalis.app/market/5094
2287,Eagle-crested Round Shield,Mia Tachikake,19999,1,2023-08-30T23:58:40.000Z,https://universalis.app/market/2287
5228,Ragstone,Rhea Vale,275,10,2023-08-18T13:42:39.000Z,https://universalis.app/market/5228
5517,Lanolin,Bahazen Myirka,2500,1,2023-08-18T23:24:27.000Z,https://universalis.app/market/5517
2294,Kite Shield,Cherry Steal,14000,1,2023-08-07T07:31:03.000Z,https://universalis.app/market/2294
2296,Cobalt Bladed Lantern Shield,Yora Rofnhiru,40000,1,2023-08-26T22:38:39.000Z,https://universalis.app/market/2296
2298,Oxblood Targe,Mekbuda Dusares,49999,1,2023-08-17T21:48:55.000Z,https://universalis.app/market/2298
2300,Vintage Kite Shield,Brandon Bb,25000,1,2023-08-07T17:17:08.000Z,https://universalis.app/market/2300
2302,Darksteel Scutum,Honey Bourbon,8999,1,2023-08-19T22:56:48.000Z,https://universalis.app/market/2302
5060,Darksteel Ingot,Ziggy Yiji,8950,2,2023-08-18T23:10:30.000Z,https://universalis.app/market/5060
5095,Darksteel Rivets,Ayame Haragin,8000,1,2023-08-06T04:23:53.000Z,https://universalis.app/market/5095
2303,Darksteel Buckler,Iceman Frosty,4499,1,2023-08-26T20:00:08.000Z,https://universalis.app/market/2303
2304,Spruce Round Shield,Fiona Blazes,1994,1,2023-08-25T01:33:35.000Z,https://universalis.app/market/2304
5379,Treated Spruce Lumber,Adora Trevelyan,150000,1,2023-08-21T20:18:25.000Z,https://universalis.app/market/5379
2315,Bronze Saw,Sad Yori,5000,1,2023-08-04T20:36:14.000Z,https://universalis.app/market/2315
2316,Amateur's Saw,Orusroth Crown,1000,1,2023-08-08T01:03:13.000Z,https://universalis.app/market/2316
2317,Chocobotail Saw,Dom Bunnsicle,900,1,2023-08-21T22:51:21.000Z,https://universalis.app/market/2317
2318,Initiate's Saw,Nimue Umiko,40000,1,2023-08-06T17:17:27.000Z,https://universalis.app/market/2318
2319,Bas-relief Iron Saw,Ryuxin Zantetsuken,50000,1,2023-08-23T11:30:36.000Z,https://universalis.app/market/2319
2320,Iron Chocobotail Saw,Ahara Star,3500,1,2023-08-10T23:16:15.000Z,https://universalis.app/market/2320
2322,Crosscut Saw,Elhadrim Shepard,5000,1,2023-08-22T01:50:23.000Z,https://universalis.app/market/2322
2323,Mythril Saw,Big Steppy,30000,1,2023-08-07T13:40:46.000Z,https://universalis.app/market/2323
2324,Mythril Chocobotail Saw,Renata Aphelion,4000,1,2023-08-19T11:41:51.000Z,https://universalis.app/market/2324
2325,Bas-relief Cobalt Saw,Cordelia Dawnveil,58999,1,2023-08-24T22:55:41.000Z,https://universalis.app/market/2325
2328,Amateur's Claw Hammer,Xau Relanah,2000,1,2023-08-06T00:19:25.000Z,https://universalis.app/market/2328
2329,Bronze Claw Hammer,Ishii Utatsuki,4500,1,2023-08-18T18:50:12.000Z,https://universalis.app/market/2329
2331,Iron Claw Hammer,Big Steppy,30000,1,2023-08-07T05:58:35.000Z,https://universalis.app/market/2331
5483,Jellyfish Humours,A'tiqa Tiayjj,100000000,1,2023-08-25T15:48:44.000Z,https://universalis.app/market/5483
2332,Initiate's Claw Hammer,Ryuxin Zantetsuken,10000,1,2023-08-23T11:30:11.000Z,https://universalis.app/market/2332
2334,Steel Claw Hammer,Meteor Selch,19889,1,2023-08-09T17:33:38.000Z,https://universalis.app/market/2334
2335,Wrapped Steel Claw Hammer,Rumi Arseid,15500,1,2023-08-15T22:54:26.000Z,https://universalis.app/market/2335
5485,Linseed Oil,Dietrich Ostendorff,5000,3,2023-08-17T18:05:14.000Z,https://universalis.app/market/5485
2337,Mythril Claw Hammer,Nerusu Kyura,18400,1,2023-08-13T19:35:40.000Z,https://universalis.app/market/2337
2338,Cobalt Claw Hammer,Xion Hikari,35000,1,2023-08-12T05:54:48.000Z,https://universalis.app/market/2338
2339,Militia Claw Hammer,Gogoke Goke,34999,1,2023-08-14T02:39:56.000Z,https://universalis.app/market/2339
2341,Bronze Cross-pein Hammer,Akhekh Drakon,2000,1,2023-08-19T00:44:24.000Z,https://universalis.app/market/2341
2342,Amateur's Cross-pein Hammer,Theodric Nightshade,3000,1,2023-08-23T15:40:51.000Z,https://universalis.app/market/2342
2343,Birdsbeak Hammer,A'marya Stark,1500,1,2023-08-22T16:46:12.000Z,https://universalis.app/market/2343
5325,Undyed Cotton Cloth,Luna Knightshade,3500,5,2023-08-22T22:47:23.000Z,https://universalis.app/market/5325
2344,Iron Cross-pein Hammer,Dorys Lanquairt,6016,1,2023-08-25T21:36:34.000Z,https://universalis.app/market/2344
2345,Initiate's Cross-pein Hammer,Brynjar Faramond,15000,1,2023-08-13T22:04:14.000Z,https://universalis.app/market/2345
2346,Crowsbeak Hammer,Ryuxin Zantetsuken,25000,1,2023-08-23T09:58:00.000Z,https://universalis.app/market/2346
2347,Heavy Crowsbeak Hammer,Shady Echoes,100,1,2023-08-15T06:14:29.000Z,https://universalis.app/market/2347
2348,Steel Cross-pein Hammer,Reaver Rose,899,1,2023-08-15T02:53:07.000Z,https://universalis.app/market/2348
5326,Undyed Velveteen,Riso'tan Xegleife,5000,3,2023-08-15T04:29:51.000Z,https://universalis.app/market/5326
2349,Steel Crowsbeak Hammer,Lost Nomad,14000,1,2023-08-08T01:09:53.000Z,https://universalis.app/market/2349
2350,Wrapped Crowsbeak Hammer,Zephyr Fog,39999,1,2023-08-07T07:53:55.000Z,https://universalis.app/market/2350
2351,Cobalt Cross-pein Hammer,Grier Grien,10526,1,2023-08-13T10:30:33.000Z,https://universalis.app/market/2351
2352,Wrapped Hawksbeak Hammer,Taplorix Celksis,29999,1,2023-08-16T03:59:00.000Z,https://universalis.app/market/2352
2355,Amateur's File,O'aka Xxiii,1500,1,2023-08-15T13:27:13.000Z,https://universalis.app/market/2355
2356,Bronze File,Dreki Svafnir,3500,1,2023-08-19T07:54:55.000Z,https://universalis.app/market/2356
2358,Iron File,Ryuxin Zantetsuken,28000,1,2023-08-23T09:26:54.000Z,https://universalis.app/market/2358
2359,Initiate's File,Ryuxin Zantetsuken,19000,1,2023-08-23T09:57:42.000Z,https://universalis.app/market/2359
2361,Steel File,Warrior Of'pink,20989,1,2023-08-04T17:08:56.000Z,https://universalis.app/market/2361
2363,Mythril File,Elhadrim Shepard,34499,1,2023-08-17T03:05:13.000Z,https://universalis.app/market/2363
2364,Cobalt File,Keygon Drakenguard,70097,1,2023-08-05T21:26:31.000Z,https://universalis.app/market/2364
2365,Militia File,Cratonos Dragon,40000,1,2023-08-17T10:07:04.000Z,https://universalis.app/market/2365
2367,Bronze Doming Hammer,Jace D'portgas,89,1,2023-08-06T19:10:41.000Z,https://universalis.app/market/2367
2368,Amateur's Doming Hammer,Milaen Fyth,1500,1,2023-08-05T17:16:45.000Z,https://universalis.app/market/2368
2369,Bronze Raising Hammer,Golden Dust,10000,1,2023-08-10T04:15:22.000Z,https://universalis.app/market/2369
2370,Iron Doming Hammer,Tio Tot,4998,1,2023-08-04T20:19:30.000Z,https://universalis.app/market/2370
2371,Initiate's Doming Hammer,Brynjar Faramond,5000,1,2023-08-13T22:04:22.000Z,https://universalis.app/market/2371
2372,Iron Raising Hammer,Alysra Randh,20000,1,2023-08-15T04:36:16.000Z,https://universalis.app/market/2372
2373,Wrapped Iron Raising Hammer,Nimue Umiko,10000,1,2023-08-06T17:10:34.000Z,https://universalis.app/market/2373
2374,Steel Doming Hammer,Crogan Veridant,8700,1,2023-08-23T13:15:17.000Z,https://universalis.app/market/2374
2375,Steel Raising Hammer,Dokko Tiwintywoncced,23984,1,2023-08-17T08:12:11.000Z,https://universalis.app/market/2375
2376,Cobalt Doming Hammer,Gabe Inoki,680,1,2023-08-11T06:01:48.000Z,https://universalis.app/market/2376
2377,Cobalt Raising Hammer,Findilin Felegund,25000,1,2023-08-07T07:53:09.000Z,https://universalis.app/market/2377
2380,Amateur's Pliers,Aayan Relanah,5000,1,2023-08-08T18:03:21.000Z,https://universalis.app/market/2380
2381,Bronze Pliers,O'aka Xxiii,3000,1,2023-08-16T03:08:50.000Z,https://universalis.app/market/2381
2383,Iron Pliers,Naomi Kusakari,10000,1,2023-08-06T18:05:56.000Z,https://universalis.app/market/2383
2384,Initiate's Pliers,Nimue Umiko,10000,1,2023-08-06T17:10:41.000Z,https://universalis.app/market/2384
2386,Steel Pliers,Chrome Smith,20000,1,2023-08-06T10:23:35.000Z,https://universalis.app/market/2386
2388,Mythril Pliers,Zonk Adonker,25000,1,2023-08-11T20:57:54.000Z,https://universalis.app/market/2388
2389,Cobalt Pliers,Qingfu Yevven,38999,1,2023-08-10T01:20:02.000Z,https://universalis.app/market/2389
2390,Militia Pliers,Dhren Jones,50000,1,2023-08-20T13:03:42.000Z,https://universalis.app/market/2390
2392,Bronze Chaser Hammer,Scarles Esleaval,370,1,2023-08-19T06:39:30.000Z,https://universalis.app/market/2392
2393,Amateur's Chaser Hammer,Tio Tot,2999,1,2023-08-07T19:35:12.000Z,https://universalis.app/market/2393
2394,Bronze Ornamental Hammer,Skorbunnee Firefist,7500,1,2023-08-07T23:51:58.000Z,https://universalis.app/market/2394
2395,Iron Chaser Hammer,Minerva Lonsdale,5000,1,2023-08-14T04:47:26.000Z,https://universalis.app/market/2395
2396,Initiate's Chaser Hammer,Unicorn Plant,5000,1,2023-08-10T02:48:24.000Z,https://universalis.app/market/2396
2397,Iron Ornamental Hammer,Cassie Rose,30000,1,2023-08-05T12:38:54.000Z,https://universalis.app/market/2397
2398,Steel Chaser Hammer,Ryuxin Zantetsuken,10000,1,2023-08-25T07:30:39.000Z,https://universalis.app/market/2398
2399,Steel Ornamental Hammer,Based Highwind,3000,1,2023-08-23T23:54:37.000Z,https://universalis.app/market/2399
2400,Mythril Ornamental Hammer,Yugi Momo,5000,1,2023-08-14T05:06:47.000Z,https://universalis.app/market/2400
2401,Mythril Lapidary Hammer,Scott Alan,12000,1,2023-08-17T13:53:46.000Z,https://universalis.app/market/2401
2402,Electrum Lapidary Hammer,Adia Amaya,50000,1,2023-08-22T17:41:19.000Z,https://universalis.app/market/2402
5183,Tourmaline,C'tadhara Kettha,500,2,2023-08-07T22:20:11.000Z,https://universalis.app/market/5183
2405,Amateur's Grinding Wheel,Shady Echoes,64,1,2023-08-15T06:14:59.000Z,https://universalis.app/market/2405
2406,Ragstone Grinding Wheel,Bebe Nishiro,9400,1,2023-08-07T06:19:11.000Z,https://universalis.app/market/2406
2408,Mudstone Grinding Wheel,F'zero Makira,20000,1,2023-08-17T07:59:03.000Z,https://universalis.app/market/2408
5229,Mudstone,Evan Escence,1000001,1,2023-08-30T23:43:03.000Z,https://universalis.app/market/5229
2409,Initiate's Grinding Wheel,Ruze Edalgna,25000,1,2023-08-25T15:21:52.000Z,https://universalis.app/market/2409
2411,Siltstone Grinding Wheel,Squidly Inkerton,34999,1,2023-08-09T12:55:53.000Z,https://universalis.app/market/2411
5231,Siltstone,U'anhur Dula,500,10,2023-08-23T22:34:17.000Z,https://universalis.app/market/5231
2413,Garnet Grinding Wheel,Aerephix Mierqid,29898,1,2023-08-11T22:54:13.000Z,https://universalis.app/market/2413
5134,Raw Garnet,Northern Lite,490,1,2023-08-28T22:54:07.000Z,https://universalis.app/market/5134
2414,Basilisk Grinding Wheel,Rottlyn Eisner,24750,1,2023-08-14T05:38:21.000Z,https://universalis.app/market/2414
5263,Basilisk Egg,Arvard Dirtland,300,9,2023-08-25T21:45:26.000Z,https://universalis.app/market/5263
2415,Militia Grinding Wheel,Crogan Veridant,50000,1,2023-08-23T12:42:11.000Z,https://universalis.app/market/2415
5158,Astral Rock,Dookie Dookie,5001,2,2023-08-14T00:06:03.000Z,https://universalis.app/market/5158
2417,Bronze Head Knife,Mira Shimono,6000,1,2023-08-11T03:27:06.000Z,https://universalis.app/market/2417
2418,Amateur's Head Knife,Dhren Jones,4000,1,2023-08-06T09:24:02.000Z,https://universalis.app/market/2418
2419,Brass Head Knife,Cassie Rose,8000,1,2023-08-05T12:42:50.000Z,https://universalis.app/market/2419
2420,Initiate's Head Knife,Aerafel Saikon,7500,1,2023-08-24T21:08:04.000Z,https://universalis.app/market/2420
2421,Iron Round Knife,Rasandria Heavensfall,25000,1,2023-08-08T10:39:02.000Z,https://universalis.app/market/2421
2422,Iron Head Knife,Celix Naline,6999,1,2023-08-07T21:51:34.000Z,https://universalis.app/market/2422
2423,Silver Head Knife,Shady Echoes,3900,1,2023-08-14T03:25:04.000Z,https://universalis.app/market/2423
2424,Steel Round Knife,Rhaz Berry,800,1,2023-08-08T01:59:57.000Z,https://universalis.app/market/2424
2425,Mythril Head Knife,Crogan Veridant,35000,1,2023-08-20T03:15:47.000Z,https://universalis.app/market/2425
2426,Mythril Round Knife,Crogan Veridant,36999,1,2023-08-20T04:33:14.000Z,https://universalis.app/market/2426
2427,Electrum Head Knife,Hexhera Rayne,30000,1,2023-08-07T21:08:50.000Z,https://universalis.app/market/2427
2430,Amateur's Awl,Kevin Zmega,1100,1,2023-08-27T20:12:22.000Z,https://universalis.app/market/2430
2431,Bronze Awl,Rasandria Heavensfall,4998,1,2023-08-04T05:36:20.000Z,https://universalis.app/market/2431
2433,Iron Awl,Big Steppy,15000,1,2023-08-19T03:07:33.000Z,https://universalis.app/market/2433
2434,Initiate's Awl,Sun Wu'kong,10026,1,2023-08-17T04:44:39.000Z,https://universalis.app/market/2434
2436,Steel Awl,Squidly Inkerton,20000,1,2023-08-07T12:29:58.000Z,https://universalis.app/market/2436
2437,Wrapped Steel Awl,Crogan Veridant,61500,1,2023-08-20T00:54:09.000Z,https://universalis.app/market/2437
2439,Mythril Awl,Meteor Selch,35000,1,2023-08-15T00:00:21.000Z,https://universalis.app/market/2439
2440,Cobalt Awl,Kisa Frost,35495,1,2023-08-18T22:39:16.000Z,https://universalis.app/market/2440
2441,Militia Awl,Qingfu Yevven,24998,1,2023-08-08T11:25:27.000Z,https://universalis.app/market/2441
2443,Copper Needle,Milaen Fyth,3000,1,2023-08-05T17:17:34.000Z,https://universalis.app/market/2443
2444,Bat Fang Needle,Ryuxin Zantetsuken,800,1,2023-08-24T09:00:39.000Z,https://universalis.app/market/2444
2445,Amateur's Needle,Sonorous Bell,4000,1,2023-08-17T23:26:09.000Z,https://universalis.app/market/2445
2446,Brass Needle,Cassie Rose,5000,1,2023-08-05T12:38:32.000Z,https://universalis.app/market/2446
2447,Initiate's Needle,Sursonique D'argelos,4000,1,2023-08-11T23:41:54.000Z,https://universalis.app/market/2447
2448,Silver Needle,Aireo Buni,2995,1,2023-08-07T15:06:37.000Z,https://universalis.app/market/2448
2449,Worm Fang Needle,Squidly Inkerton,10000,1,2023-08-09T12:56:40.000Z,https://universalis.app/market/2449
5447,Sandworm Fang,Kalvor Marn,685000,1,2023-08-21T03:23:50.000Z,https://universalis.app/market/5447
2450,Mythril Needle,Nephrai Delaveuce,15000,1,2023-08-10T05:21:21.000Z,https://universalis.app/market/2450
2451,Wolf Fang Needle,Faya Eryut,19990,1,2023-08-16T06:44:00.000Z,https://universalis.app/market/2451
2452,Thousand Needle,Suin Faokia,10000,1,2023-08-26T22:36:14.000Z,https://universalis.app/market/2452
5468,Cactuar Needle,Escondor Caligo,360000,1,2023-08-25T00:49:14.000Z,https://universalis.app/market/5468
2453,Electrum Needle,Torsten Foxe,5710,1,2023-08-29T17:58:35.000Z,https://universalis.app/market/2453
2456,Amateur's Spinning Wheel,Lo'z Sukehiro,3000,1,2023-08-30T04:26:30.000Z,https://universalis.app/market/2456
2457,Ash Spinning Wheel,Kitty Prettylitter,7500,1,2023-08-17T01:27:47.000Z,https://universalis.app/market/2457
2459,Initiate's Spinning Wheel,Orusroth Crown,500,1,2023-08-08T01:02:54.000Z,https://universalis.app/market/2459
2460,Elm Spinning Wheel,Beren Orome,10000,1,2023-08-17T22:42:48.000Z,https://universalis.app/market/2460
2462,Walnut Spinning Wheel,Nazghoul Do'urden,35000,1,2023-08-15T01:36:38.000Z,https://universalis.app/market/2462
2464,Mahogany Spinning Wheel,Big Steppy,35000,1,2023-08-13T16:50:48.000Z,https://universalis.app/market/2464
2465,Rosewood Spinning Wheel,Amber Izumi,27750,1,2023-08-08T21:31:27.000Z,https://universalis.app/market/2465
2466,Militia Spinning Wheel,Xavion Qestir,50000,1,2023-08-21T19:14:22.000Z,https://universalis.app/market/2466
2468,Bronze Alembic,Crimson Alpha,120000,1,2023-08-24T17:47:59.000Z,https://universalis.app/market/2468
2469,Amateur's Alembic,Asta Wolf,5000,1,2023-08-10T21:17:44.000Z,https://universalis.app/market/2469
2470,Brass Alembic,Lexi Drake,2500,1,2023-08-09T23:53:59.000Z,https://universalis.app/market/2470
2471,Initiate's Alembic,Rasandria Heavensfall,7000,1,2023-08-06T02:12:09.000Z,https://universalis.app/market/2471
2472,Iron Alembic,Potato Plato,25,1,2023-08-09T02:50:13.000Z,https://universalis.app/market/2472
2473,Conical Alembic,Katina Star,5000,1,2023-08-05T23:03:43.000Z,https://universalis.app/market/2473
2474,Steel Alembic,Mama Chunk,15000,1,2023-08-16T19:23:45.000Z,https://universalis.app/market/2474
2475,Silver Alembic,Mia Starz,10056,1,2023-08-07T19:42:56.000Z,https://universalis.app/market/2475
2476,Mythril Alembic,Sierra Northwind,35000,1,2023-08-16T21:55:14.000Z,https://universalis.app/market/2476
2477,Electrum Alembic,Crogan Veridant,38999,1,2023-08-20T04:06:49.000Z,https://universalis.app/market/2477
2478,Thermal Alembic,Qingfu Yevven,34950,1,2023-08-20T18:21:26.000Z,https://universalis.app/market/2478
2481,Amateur's Mortar,O'aka Xxiii,2000,1,2023-08-14T03:21:51.000Z,https://universalis.app/market/2481
2482,Bronze Mortar,Juinta Reyon,4949,1,2023-08-08T04:57:50.000Z,https://universalis.app/market/2482
2484,Iron Mortar,Laura Zaledor,10000,1,2023-08-28T01:19:24.000Z,https://universalis.app/market/2484
2485,Initiate's Mortar,Auberon Rex,4500,1,2023-08-13T10:28:17.000Z,https://universalis.app/market/2485
2487,Steel Mortar,Jade Dragon,25000,1,2023-08-07T01:08:33.000Z,https://universalis.app/market/2487
2488,Heavy Steel Mortar,Jimmy Blanka,20000,1,2023-08-08T18:12:18.000Z,https://universalis.app/market/2488
2490,Mythril Mortar,Kumiko Tohka,24999,1,2023-08-12T08:04:35.000Z,https://universalis.app/market/2490
2491,Cobalt Mortar,Katina Star,20000,1,2023-08-19T22:29:28.000Z,https://universalis.app/market/2491
2492,Militia Mortar,Lilia Iris,50000,1,2023-08-05T02:41:11.000Z,https://universalis.app/market/2492
2494,Bronze Skillet,Lyhus El'claire,15000,1,2023-08-06T14:50:02.000Z,https://universalis.app/market/2494
2495,Amateur's Skillet,Daphne Mae,3000,1,2023-08-17T23:24:48.000Z,https://universalis.app/market/2495
2496,Iron Skillet,Rasandria Heavensfall,2000,1,2023-08-05T09:02:53.000Z,https://universalis.app/market/2496
2497,Initiate's Skillet,Ormir Vale,799,1,2023-08-24T01:48:16.000Z,https://universalis.app/market/2497
2498,Iron Frypan,Squidly Inkerton,5000,1,2023-08-05T14:31:51.000Z,https://universalis.app/market/2498
2499,Bomb Frypan,Meteor Selch,30000,1,2023-08-05T17:51:09.000Z,https://universalis.app/market/2499
5528,Bomb Ash,Blast'a Masta,500,7,2023-08-05T18:29:09.000Z,https://universalis.app/market/5528
2500,Steel Skillet,Granny Butterfly,2000,1,2023-08-06T20:45:37.000Z,https://universalis.app/market/2500
2501,White Skillet,Kaneki Ghoul,4899,1,2023-08-18T22:16:17.000Z,https://universalis.app/market/2501
2502,Steel Frypan,Xavion Qestir,39999,1,2023-08-10T00:55:23.000Z,https://universalis.app/market/2502
2503,Cobalt Skillet,Meteor Selch,30000,1,2023-08-16T06:29:21.000Z,https://universalis.app/market/2503
2504,Hells' Kitchen,Ahsook Dailow,24000,1,2023-08-26T12:04:37.000Z,https://universalis.app/market/2504
2507,Amateur's Culinary Knife,Fae'min Iseterre,5000,1,2023-08-08T00:13:39.000Z,https://universalis.app/market/2507
2508,Bronze Culinary Knife,Eliza Hurst,509,1,2023-08-07T20:41:30.000Z,https://universalis.app/market/2508
2510,Iron Culinary Knife,Ormir Vale,7019,1,2023-08-24T01:48:13.000Z,https://universalis.app/market/2510
2511,Initiate's Culinary Knife,Auberon Rex,700,1,2023-08-13T10:28:31.000Z,https://universalis.app/market/2511
2513,Steel Culinary Knife,Daphne Mae,30000,1,2023-08-16T23:12:35.000Z,https://universalis.app/market/2513
2514,Wrapped Steel Culinary Knife,Ryuxin Zantetsuken,17500,1,2023-08-22T14:01:34.000Z,https://universalis.app/market/2514
2516,Mythril Culinary Knife,Xavion Qestir,71999,1,2023-08-08T21:38:39.000Z,https://universalis.app/market/2516
2517,Cobalt Culinary Knife,Kazu Mizu,30000,1,2023-08-07T20:33:52.000Z,https://universalis.app/market/2517
2518,Militia Culinary Knife,Lilia Iris,50000,1,2023-08-05T02:38:39.000Z,https://universalis.app/market/2518
2520,Bronze Pickaxe,Sun Wu'kong,5500,1,2023-08-06T21:49:29.000Z,https://universalis.app/market/2520
2521,Amateur's Pickaxe,Mira Shimono,5899,1,2023-08-10T22:32:13.000Z,https://universalis.app/market/2521
2522,Plumed Bronze Pickaxe,Rish Moir,10011,1,2023-08-28T14:31:23.000Z,https://universalis.app/market/2522
2523,Iron Pickaxe,Rasandria Heavensfall,20000,1,2023-08-08T10:05:24.000Z,https://universalis.app/market/2523
2524,Initiate's Pickaxe,Bento Boxer,9000,1,2023-08-12T01:02:17.000Z,https://universalis.app/market/2524
2525,Iron Dolabra,Wontonamo Bay,40000,1,2023-08-12T07:06:14.000Z,https://universalis.app/market/2525
2526,Steel Pickaxe,Chi Usagi,10000,1,2023-08-22T13:25:22.000Z,https://universalis.app/market/2526
2527,Steel Dolabra,Angel Black,15000,1,2023-08-17T02:37:43.000Z,https://universalis.app/market/2527
2528,Plumed Mythril Pickaxe,Squidly Inkerton,35000,1,2023-08-09T20:47:38.000Z,https://universalis.app/market/2528
5327,Undyed Linen,Aireo Buni,6000,3,2023-08-08T14:16:55.000Z,https://universalis.app/market/5327
2529,Cobalt Dolabra,Big Steppy,59000,1,2023-08-14T01:09:12.000Z,https://universalis.app/market/2529
2530,Egret Dolabra,Meteor Selch,50000,1,2023-08-18T08:02:43.000Z,https://universalis.app/market/2530
2534,Bronze Sledgehammer,Astray Pichulen,10000,1,2023-08-05T23:42:25.000Z,https://universalis.app/market/2534
2536,Initiate's Sledgehammer,Kaplan Cadmus,19979,1,2023-08-25T21:48:14.000Z,https://universalis.app/market/2536
2537,Iron Sledgehammer,Ryuxin Zantetsuken,65000,1,2023-08-19T08:37:35.000Z,https://universalis.app/market/2537
2539,Steel Sledgehammer,Varose Kiendae,20049,1,2023-08-30T02:51:49.000Z,https://universalis.app/market/2539
2540,Wrapped Steel Sledgehammer,Tenshi Athoshen,10000,1,2023-08-04T15:09:53.000Z,https://universalis.app/market/2540
2542,Mythril Sledgehammer,Parro Ellasch,25000,1,2023-08-10T05:38:05.000Z,https://universalis.app/market/2542
2543,Cobalt Sledgehammer,Hecate Getsuhime,64999,1,2023-08-10T21:47:35.000Z,https://universalis.app/market/2543
2544,Militia Sledgehammer,Yukari Yakumo,35000,1,2023-08-07T20:04:49.000Z,https://universalis.app/market/2544
2546,Bronze Hatchet,Aayan Relanah,7000,1,2023-08-04T07:31:18.000Z,https://universalis.app/market/2546
2547,Amateur's Hatchet,Jolly Greengiant,19700,1,2023-08-17T13:10:13.000Z,https://universalis.app/market/2547
2548,Iron Hatchet,O'aka Xxiii,9000,1,2023-08-15T13:47:57.000Z,https://universalis.app/market/2548
2549,Initiate's Hatchet,Tearsis Lunaria,19979,1,2023-08-28T00:07:38.000Z,https://universalis.app/market/2549
2550,Brass Hatchet,Ryuxin Zantetsuken,70000,1,2023-08-18T01:40:28.000Z,https://universalis.app/market/2550
2551,Plumed Iron Hatchet,Yugi Momo,45000,1,2023-08-14T18:26:57.000Z,https://universalis.app/market/2551
5359,Chocobo Feather,Thie Nell,20000000,1,2023-08-13T04:38:52.000Z,https://universalis.app/market/5359
2552,Steel Hatchet,Yugi Momo,30000,1,2023-08-12T05:29:18.000Z,https://universalis.app/market/2552
2553,Plumed Steel Hatchet,Cyreck Saikoro,6450,1,2023-08-26T21:34:32.000Z,https://universalis.app/market/2553
2554,Mythril Hatchet,Yui Kurokawa,50000,1,2023-08-04T15:41:46.000Z,https://universalis.app/market/2554
2555,Cobalt Hatchet,Akuma Mir,29999,1,2023-08-23T01:31:18.000Z,https://universalis.app/market/2555
2556,Horned Hatchet,Keygon Drakenguard,50000,1,2023-08-11T12:44:35.000Z,https://universalis.app/market/2556
2560,Bronze Scythe,Akuma Mir,20000,1,2023-08-20T20:38:07.000Z,https://universalis.app/market/2560
2562,Iron Scythe,Shinigami Traveler,19979,1,2023-08-13T01:47:35.000Z,https://universalis.app/market/2562
2563,Initiate's Scythe,Lila Gris,28500,1,2023-08-21T22:34:06.000Z,https://universalis.app/market/2563
2565,Steel Scythe,Lyrica Keito,30000,1,2023-08-06T18:15:06.000Z,https://universalis.app/market/2565
2566,Wrapped Steel Scythe,Yui Kurokawa,39999,1,2023-08-04T15:42:08.000Z,https://universalis.app/market/2566
2568,Mythril Scythe,Nephrai Delaveuce,20000,1,2023-08-12T15:27:22.000Z,https://universalis.app/market/2568
2569,Cobalt Scythe,Akuma Mir,29999,1,2023-08-23T16:13:15.000Z,https://universalis.app/market/2569
2570,Militia Scythe,Zero Tvvo,50000,1,2023-08-06T13:05:57.000Z,https://universalis.app/market/2570
2572,Maple Fishing Rod,Yvelonta Voilinaut,550000000,1,2023-08-25T01:47:59.000Z,https://universalis.app/market/2572
2573,Amateur's Fishing Rod,Mr Reapingway,3009,1,2023-08-11T08:34:58.000Z,https://universalis.app/market/2573
2574,Elm Fishing Rod,Fae Brie,5000,1,2023-08-28T07:40:29.000Z,https://universalis.app/market/2574
2575,Initiate's Fishing Rod,Kitty Prettylitter,4897,1,2023-08-24T13:25:01.000Z,https://universalis.app/market/2575
2576,Yew Fishing Rod,Drefen Raexs,19000,1,2023-08-22T03:57:36.000Z,https://universalis.app/market/2576
2577,Staghorn Fishing Rod,Sierra Northwind,19999,1,2023-08-05T22:38:15.000Z,https://universalis.app/market/2577
2578,Walnut Fishing Rod,Kai Eston,50000,1,2023-08-05T06:29:35.000Z,https://universalis.app/market/2578
2579,Horn Fishing Rod,Lexi Drake,10000,1,2023-08-16T18:27:15.000Z,https://universalis.app/market/2579
2580,Mahogany Fishing Rod,Kiaria Delanie,29750,1,2023-08-14T15:12:21.000Z,https://universalis.app/market/2580
2581,Rosewood Fishing Rod,Eilinel Le'coru,34999,1,2023-08-10T20:04:13.000Z,https://universalis.app/market/2581
2582,Gilded Rosewood Fishing Rod,Xaii Ku,45500,1,2023-08-13T06:52:02.000Z,https://universalis.app/market/2582
2588,Crayfish Ball,Arthur Valentine,147,99,2023-08-25T00:34:23.000Z,https://universalis.app/market/2588
4825,Rye Flour,Haru Takayama,350,24,2023-08-15T23:03:36.000Z,https://universalis.app/market/4825
4925,Crayfish,Patton Thera,990,2,2023-08-28T06:22:10.000Z,https://universalis.app/market/4925
2589,Goby Ball,Zephyrith White,200,10,2023-08-21T23:59:04.000Z,https://universalis.app/market/2589
4931,Dusk Goby,Karami Larami,420,1,2023-08-26T04:22:17.000Z,https://universalis.app/market/4931
2593,Crab Ball,Draven Roc,100,16,2023-08-21T00:19:15.000Z,https://universalis.app/market/2593
4880,Helmet Crab,Emih Mhezzo,8701,3,2023-08-20T12:38:57.000Z,https://universalis.app/market/4880
2595,Bass Ball,Xaii Ku,10,99,2023-08-13T06:55:16.000Z,https://universalis.app/market/2595
4826,Sunset Wheat Flour,Vergrin Halha,250,60,2023-08-14T01:38:25.000Z,https://universalis.app/market/4826
4959,Dark Bass,Rozalen Zara,2000,6,2023-08-10T23:25:10.000Z,https://universalis.app/market/4959
2598,Herring Ball,Shree Kachu,100,27,2023-08-10T13:08:43.000Z,https://universalis.app/market/2598
4895,Indigo Herring,Lilia Iris,2999,8,2023-08-04T02:25:19.000Z,https://universalis.app/market/4895
2610,Chocobo Fly,Chubble Wubbles,397,3,2023-08-05T02:12:13.000Z,https://universalis.app/market/2610
2611,Floating Minnow,Kiko Venuswater,50,18,2023-08-10T02:07:35.000Z,https://universalis.app/market/2611
2612,Brass Spoon Lure,Savvy Reaves,234,9,2023-08-11T01:56:20.000Z,https://universalis.app/market/2612
2614,Crow Fly,Rhea Vale,2000,5,2023-08-11T15:22:32.000Z,https://universalis.app/market/2614
2615,Silver Spoon Lure,Ailane Chan-sama,100,9,2023-08-07T16:07:25.000Z,https://universalis.app/market/2615
2616,Steel Jig,Wil Marshall,30,30,2023-08-17T21:24:40.000Z,https://universalis.app/market/2616
2617,Sinking Minnow,Afterburn Dash,3000,5,2023-08-08T18:52:19.000Z,https://universalis.app/market/2617
2618,Snurble Fly,Mimi Plums,3000,5,2023-08-15T22:53:30.000Z,https://universalis.app/market/2618
5349,Snurble Tufts,Casca Laevina,2500,5,2023-08-13T14:39:44.000Z,https://universalis.app/market/5349
2619,Heavy Steel Jig,Sumi Masenn,3200,5,2023-08-27T10:10:11.000Z,https://universalis.app/market/2619
2620,Spinner,Northern Lite,3000,5,2023-08-06T07:32:02.000Z,https://universalis.app/market/2620
4900,Whitelip Oyster,Tabius Korinthos,9920,1,2023-08-22T22:17:46.000Z,https://universalis.app/market/4900
2622,Mythril Spoon Lure,Nephrai Delaveuce,500,1,2023-08-12T15:27:48.000Z,https://universalis.app/market/2622
2623,Wildfowl Fly,Metorva Cross,950,3,2023-08-05T21:41:48.000Z,https://universalis.app/market/2623
2624,Topwater Frog,Cedron Ballard,3000,5,2023-08-07T05:09:29.000Z,https://universalis.app/market/2624
2625,Rainbow Spoon Lure,Icialace Forelia,5000,3,2023-08-11T02:17:15.000Z,https://universalis.app/market/2625
5466,Blacklip Oyster,Griever Stormborn,10000,2,2023-08-17T02:52:48.000Z,https://universalis.app/market/5466
2626,Spinnerbait,Yura Masaki,10000,10,2023-08-17T09:21:59.000Z,https://universalis.app/market/2626
5329,Undyed Felt,Milkypuffs Floras,10000000,1,2023-08-17T17:24:29.000Z,https://universalis.app/market/5329
2627,Streamer,Gtrakl Belladonna,2998,3,2023-08-15T09:27:10.000Z,https://universalis.app/market/2627
2628,Yumizuno,Veles Arziant,5000,5,2023-08-04T23:01:14.000Z,https://universalis.app/market/2628
2629,Hempen Coif,Anime Wizz,20000,1,2023-08-10T22:23:57.000Z,https://universalis.app/market/2629
2630,Hempen Coif of Gathering,Sircloud Firstclass,25000,1,2023-08-06T21:49:48.000Z,https://universalis.app/market/2630
2631,Leather Calot,Victoribus Spoila,99000,1,2023-08-16T13:01:46.000Z,https://universalis.app/market/2631
12590,Ramie Cloth,Cordelia Dawnveil,5000,5,2023-08-20T00:24:28.000Z,https://universalis.app/market/12590
12595,Ramie Thread,Kenny Amasuhiko,2001,10,2023-08-09T04:08:56.000Z,https://universalis.app/market/12595
2652,Hempen Bandana,Rayla Valdez,29999,1,2023-08-08T02:39:55.000Z,https://universalis.app/market/2652
2653,Leather Eyepatch,Crimson Alpha,3873,1,2023-08-26T06:01:26.000Z,https://universalis.app/market/2653
2654,Hard Leather Pot Helm,Lust Ul'timecia,400,1,2023-08-06T17:15:32.000Z,https://universalis.app/market/2654
2655,Hempen Hat,Sircloud Firstclass,70000,1,2023-08-06T21:50:04.000Z,https://universalis.app/market/2655
2656,Bronze Chain Coif,Eir Morn,75000000,1,2023-08-27T03:58:54.000Z,https://universalis.app/market/2656
5081,Bronze Rings,Rygar Winter,401,17,2023-08-06T03:11:42.000Z,https://universalis.app/market/5081
2658,Straw Hat,Xau Relanah,6000,1,2023-08-06T00:17:47.000Z,https://universalis.app/market/2658
5342,Straw,Broken Moon,1000,5,2023-08-13T17:33:48.000Z,https://universalis.app/market/5342
2660,Amateur's Headgear,Token Eastwood,3999,1,2023-08-28T20:44:26.000Z,https://universalis.app/market/2660
2661,Amateur's Hempen Coif,Moreta Orlith,10000,1,2023-08-06T23:11:02.000Z,https://universalis.app/market/2661
2662,Bronze Sallet,Kaminari Senshi,9999,1,2023-08-05T00:48:13.000Z,https://universalis.app/market/2662
2663,Stablemaid's Hat,Cok Gobbler,2999,1,2023-08-23T18:11:27.000Z,https://universalis.app/market/2663
5540,Carnation,Ahegao Kitten,100,99,2023-08-09T02:01:30.000Z,https://universalis.app/market/5540
2664,Bronze Barbut,Slyxian Blackthorne,4999,1,2023-08-18T23:48:40.000Z,https://universalis.app/market/2664
2665,Cotton Turban,Hikari Demon,3500,1,2023-08-18T03:17:17.000Z,https://universalis.app/market/2665
2666,Stablehand's Hat,Peter Pickles,10000,1,2023-08-06T14:37:26.000Z,https://universalis.app/market/2666
2668,Brass Spectacles,Una Polaali,15000,1,2023-08-27T19:14:32.000Z,https://universalis.app/market/2668
5512,Clear Glass Lens,S'lhiha Sahnu,750,1,2023-08-30T22:51:48.000Z,https://universalis.app/market/5512
2669,Hard Leather Eyepatch,Dana Reh,1999,1,2023-08-04T15:56:36.000Z,https://universalis.app/market/2669
2670,Cotton Scarf,Elliane Fallon,12007,1,2023-08-11T17:06:00.000Z,https://universalis.app/market/2670
2672,Hard Leather Skullcap,Ravi Oh-li,29999,1,2023-08-12T17:47:05.000Z,https://universalis.app/market/2672
2673,Bronze Celata,Golden Dust,500,1,2023-08-10T04:15:45.000Z,https://universalis.app/market/2673
2675,Ash Mask,Sun Wu'kong,8500,1,2023-08-05T21:13:28.000Z,https://universalis.app/market/2675
2677,Hunting Hat,Petra Dei-ijle,500,1,2023-08-16T22:09:31.000Z,https://universalis.app/market/2677
2680,Decorated Bronze Barbut,Ino Toshiko,20000,1,2023-08-08T17:49:12.000Z,https://universalis.app/market/2680
2685,Brass Circlet (Sunstone),Eliza Hurst,7000,1,2023-08-07T20:42:15.000Z,https://universalis.app/market/2685
5169,Sunstone,Nina Axeton,1000,10,2023-08-22T19:46:13.000Z,https://universalis.app/market/5169
2687,Brass Circlet (Danburite),Lil G',7500,1,2023-08-24T06:20:54.000Z,https://universalis.app/market/2687
5170,Danburite,Jair Bolsonaro,600,2,2023-08-31T03:29:38.000Z,https://universalis.app/market/5170
2689,Brass Circlet (Malachite),Usa Aoi,2000,1,2023-08-16T01:31:18.000Z,https://universalis.app/market/2689
5171,Malachite,Tabius Korinthos,900,1,2023-08-26T13:38:03.000Z,https://universalis.app/market/5171
2691,Brass Circlet (Sphene),Emih Mhezzo,4999,1,2023-08-12T20:12:55.000Z,https://universalis.app/market/2691
5172,Sphene,Doc Tonberry,99,2,2023-08-10T19:08:35.000Z,https://universalis.app/market/5172
2693,Brass Circlet (Fluorite),Arius D'galdri,143,1,2023-08-20T16:35:10.000Z,https://universalis.app/market/2693
5173,Fluorite,Lysette Vissalia,100,2,2023-08-24T01:35:28.000Z,https://universalis.app/market/5173
2695,Brass Circlet (Lapis Lazuli),Emih Mhezzo,698,1,2023-08-12T20:12:49.000Z,https://universalis.app/market/2695
5174,Lapis Lazuli,Monika Weiss,399,2,2023-08-19T13:58:24.000Z,https://universalis.app/market/5174
2697,Goatskin Pot Helm,Milaen Fyth,5000,1,2023-08-25T13:21:07.000Z,https://universalis.app/market/2697
2699,Cotton Coif,Dioxin Verglas,26000009,1,2023-08-08T00:55:27.000Z,https://universalis.app/market/2699
2700,Cotton Coif of Gathering,Crogan Veridant,50000,1,2023-08-16T00:37:02.000Z,https://universalis.app/market/2700
2703,Ash Mask (Lapis Lazuli),Meteor Selch,5000,1,2023-08-05T17:50:42.000Z,https://universalis.app/market/2703
2708,Iron Sallet,Mama Chunk,30000,1,2023-08-05T07:17:57.000Z,https://universalis.app/market/2708
2710,Goatskin Eyepatch,Jr Dogz,6000,1,2023-08-07T14:36:44.000Z,https://universalis.app/market/2710
2712,Iron Celata,Ara Loft,2000,1,2023-08-06T19:31:18.000Z,https://universalis.app/market/2712
5082,Iron Rings,Tio Tot,99,1,2023-08-04T20:22:03.000Z,https://universalis.app/market/5082
2714,Initiate's Headgear,Sasa Nori,49999,1,2023-08-26T14:52:13.000Z,https://universalis.app/market/2714
2719,Cotton Sugarloaf Hat,Celica Everflaire,5998,1,2023-08-08T03:23:05.000Z,https://universalis.app/market/2719
2723,Iron Elmo,Malachi Watson,10000,1,2023-08-20T06:12:16.000Z,https://universalis.app/market/2723
2725,Reinforced Iron Sallet,Squidly Inkerton,10000,1,2023-08-05T21:05:44.000Z,https://universalis.app/market/2725
2727,Velveteen Bandana,Velvet Gusion,20000,1,2023-08-18T18:55:33.000Z,https://universalis.app/market/2727
2728,Silver Spectacles,Adia Amaya,40000,1,2023-08-07T16:24:37.000Z,https://universalis.app/market/2728
2729,Velveteen Turban,G'willow Fhin,13000,1,2023-08-06T22:39:25.000Z,https://universalis.app/market/2729
2731,Silver Magnifiers,Isla Sea,32990,1,2023-08-13T01:09:23.000Z,https://universalis.app/market/2731
2733,Velveteen Wedge Cap of Crafting,Spike Boss,19969,1,2023-08-23T17:31:39.000Z,https://universalis.app/market/2733
2734,Velveteen Wedge Cap of Gathering,Phran Thresher,10000,1,2023-08-30T00:51:20.000Z,https://universalis.app/market/2734
2735,Silver Circlet (Garnet),Mordyn Belmont,25500,1,2023-08-06T04:26:59.000Z,https://universalis.app/market/2735
5175,Garnet,Old Spice,990,1,2023-08-05T05:27:02.000Z,https://universalis.app/market/5175
2737,Silver Circlet (Goshenite),Grey Charfang,24500,1,2023-08-23T02:57:01.000Z,https://universalis.app/market/2737
5176,Goshenite,Ophelia Gojko,1000,2,2023-08-14T00:46:11.000Z,https://universalis.app/market/5176
2739,Silver Circlet (Peridot),Fenrir Laufeyson,17000,1,2023-08-15T19:49:33.000Z,https://universalis.app/market/2739
5177,Peridot,Spyrit Andras,500,1,2023-08-13T01:33:10.000Z,https://universalis.app/market/5177
2741,Silver Circlet (Heliodor),Raedon Gladius,15000,1,2023-08-20T11:44:50.000Z,https://universalis.app/market/2741
5178,Heliodor,Izumi Hikaria,300,1,2023-08-07T06:59:12.000Z,https://universalis.app/market/5178
2743,Silver Circlet (Amethyst),Kumokiri Oshidari,19999,1,2023-08-26T02:56:32.000Z,https://universalis.app/market/2743
5179,Amethyst,Atlas Scythe,200,1,2023-08-26T18:46:48.000Z,https://universalis.app/market/5179
2745,Silver Circlet (Aquamarine),Arthur Matson,15000,1,2023-08-27T04:54:12.000Z,https://universalis.app/market/2745
5180,Aquamarine,Sleepy Mal,1001,1,2023-08-24T03:28:58.000Z,https://universalis.app/market/5180
2750,Velveteen Beret,Gods Hellsing,20000,1,2023-08-17T07:37:42.000Z,https://universalis.app/market/2750
5343,Cotton Boll,Tabius Korinthos,1000,10,2023-08-26T00:52:20.000Z,https://universalis.app/market/5343
5355,Dodo Feather,Aireo Buni,3000,4,2023-08-07T13:39:26.000Z,https://universalis.app/market/5355
2753,Steel Sallet,C'row Caelum,39999,1,2023-08-06T11:02:46.000Z,https://universalis.app/market/2753
2755,Steel Celata,Mera T'sovya,20000,1,2023-08-13T04:32:33.000Z,https://universalis.app/market/2755
2757,Vintage Celata,Raszire Coriver,20000,1,2023-08-21T21:04:16.000Z,https://universalis.app/market/2757
2758,Steel Goggles,Phantom Dubhghall,375500000,1,2023-08-26T00:25:46.000Z,https://universalis.app/market/2758
2763,Velveteen Sugarloaf Hat,Lein Hart,10000000,1,2023-08-09T15:23:18.000Z,https://universalis.app/market/2763
2765,Steel Elmo,Wolfgang Speedwagon,15000,1,2023-08-14T04:16:21.000Z,https://universalis.app/market/2765
2767,Skull Eyepatch,M'rella Loken,23930,1,2023-08-05T07:05:20.000Z,https://universalis.app/market/2767
2769,Mythril Magnifiers,Ivy Solace,25000,1,2023-08-12T20:25:06.000Z,https://universalis.app/market/2769
2774,Mythril Spectacles,Syaan Marmannwyn,24499,1,2023-08-12T00:02:26.000Z,https://universalis.app/market/2774
2776,Linen Turban,Mama Chunk,31996,1,2023-08-10T22:48:21.000Z,https://universalis.app/market/2776
2778,Angler's Hat,Akuma Mir,25000,1,2023-08-22T17:31:56.000Z,https://universalis.app/market/2778
2779,Linen Hat,Dingy Mitts,25000,1,2023-08-23T06:01:17.000Z,https://universalis.app/market/2779
2785,Vintage Chef's Hat,Coffee Capybara,29997,1,2023-08-31T18:23:50.000Z,https://universalis.app/market/2785
2657,Ripped Chef's Hat,Jade Dragon,10000,1,2023-08-10T23:04:14.000Z,https://universalis.app/market/2657
2786,Steel Barbut,Kirby Kir,30040,1,2023-08-20T19:07:47.000Z,https://universalis.app/market/2786
2788,Boarskin Pot Helm,Mira Stefanova,8000,1,2023-08-04T08:24:54.000Z,https://universalis.app/market/2788
2790,Mythril Circlet (Rubellite),Hallzik Umbreon,20000,1,2023-08-14T15:13:50.000Z,https://universalis.app/market/2790
5181,Rubellite,Kumiko Tohka,100,2,2023-08-06T10:26:41.000Z,https://universalis.app/market/5181
2792,Mythril Circlet (Zircon),Silly-little Guy,29995,1,2023-08-17T06:20:13.000Z,https://universalis.app/market/2792
5182,Zircon,Aerephix Mierqid,1000,1,2023-08-12T06:32:41.000Z,https://universalis.app/market/5182
2794,Mythril Circlet (Tourmaline),Kitty Prettylitter,7000,1,2023-08-07T17:00:46.000Z,https://universalis.app/market/2794
2796,Mythril Circlet (Amber),Michael Kist,5399,1,2023-08-23T22:56:44.000Z,https://universalis.app/market/2796
5184,Amber,Clarence Spacerice,3999,2,2023-08-18T21:15:05.000Z,https://universalis.app/market/5184
2798,Mythril Circlet (Spinel),Kannitt Soban,10000,1,2023-08-12T03:58:19.000Z,https://universalis.app/market/2798
5185,Spinel,Parro Ellasch,3000,2,2023-08-11T21:02:38.000Z,https://universalis.app/market/5185
2800,Mythril Circlet (Turquoise),Alessia Targaryen,5500,1,2023-08-29T01:49:07.000Z,https://universalis.app/market/2800
5186,Turquoise,Lux Umbra,100,1,2023-08-22T00:00:36.000Z,https://universalis.app/market/5186
2802,Mythril Elmo,Rin Yoshida,25000,1,2023-08-25T21:11:00.000Z,https://universalis.app/market/2802
2804,Linen Wedge Cap of Crafting,Squidly Inkerton,18250,1,2023-08-05T14:33:11.000Z,https://universalis.app/market/2804
2805,Linen Wedge Cap of Gathering,Celaena Wendlyn,7475000,1,2023-08-16T07:56:51.000Z,https://universalis.app/market/2805
2806,Woolen Coif,Fox Paw,19999,1,2023-08-09T04:21:05.000Z,https://universalis.app/market/2806
5328,Undyed Woolen Cloth,Meowsuke Higashikata,3500,2,2023-08-18T01:33:27.000Z,https://universalis.app/market/5328
2808,Woolen Coif of Gathering,Suza'zi Zossau,35000,1,2023-08-04T05:54:36.000Z,https://universalis.app/market/2808
2810,Woolen Turban,Miah Kihto,35000,1,2023-08-20T16:17:56.000Z,https://universalis.app/market/2810
2812,Mythril Celata,Mar Newgate,26000,1,2023-08-05T02:24:19.000Z,https://universalis.app/market/2812
5089,Mythril Rings,Momo Chi,4000,1,2023-08-08T21:55:29.000Z,https://universalis.app/market/5089
2814,Woolen Hat,Nating Akechi,29500,1,2023-08-27T01:33:33.000Z,https://universalis.app/market/2814
2816,Linen Deerstalker,Zylox Stream,35000,1,2023-08-20T05:06:43.000Z,https://universalis.app/market/2816
2817,Mythril Barbut,Wolfgang Speedwagon,35000,1,2023-08-14T04:20:31.000Z,https://universalis.app/market/2817
2819,Mythril Mesail,Bubbles Npg,35000,1,2023-08-13T07:49:45.000Z,https://universalis.app/market/2819
2827,Mythril Chain Coif,Specter Fugi,21000,1,2023-08-06T02:33:37.000Z,https://universalis.app/market/2827
2829,Woolen Beret,Mint Laqi,39989,1,2023-08-29T02:49:26.000Z,https://universalis.app/market/2829
5348,Apkallu Down,Seras Yunalesca,5000,3,2023-08-05T08:44:28.000Z,https://universalis.app/market/5348
2830,Reinforced Mythril Elmo,Apsalar Calondriel,49999,1,2023-08-06T00:13:33.000Z,https://universalis.app/market/2830
2834,Cobalt Preserves,Crogan Veridant,35000,1,2023-08-20T03:49:39.000Z,https://universalis.app/market/2834
2835,Felt Coif,Lilith Lamenza,15000,1,2023-08-27T01:39:35.000Z,https://universalis.app/market/2835
2837,Felt Coif of Gathering,Real Lax,21999,1,2023-08-04T08:45:28.000Z,https://universalis.app/market/2837
2850,Cobalt Elmo,Amra Tinuviel,30000,1,2023-08-12T22:28:30.000Z,https://universalis.app/market/2850
2852,Felt Hat,Me-and Meatball,18000,1,2023-08-22T03:45:41.000Z,https://universalis.app/market/2852
2854,Woolen Deerstalker,Torsten Foxe,35000,1,2023-08-16T19:34:55.000Z,https://universalis.app/market/2854
2855,Vintage Jester's Cap,Dwarlin Dwar,17988,1,2023-08-28T02:10:33.000Z,https://universalis.app/market/2855
2857,Electrum Monocle,Raya Kasuga,25500,1,2023-08-20T13:05:43.000Z,https://universalis.app/market/2857
5087,Brass Rings,Sun Wu'kong,495,2,2023-08-06T02:29:14.000Z,https://universalis.app/market/5087
2859,Cobalt Barbut,C'tadhara Kettha,40000,1,2023-08-12T22:55:08.000Z,https://universalis.app/market/2859
2861,Cobalt Mesail,Yora Rofnhiru,40000,1,2023-08-28T00:12:44.000Z,https://universalis.app/market/2861
2862,Raptorskin Pot Helm,Findilin Felegund,45000,1,2023-08-16T05:13:43.000Z,https://universalis.app/market/2862
2870,Electrum Circlet (Rubellite),Kyro Tachikake,23000,1,2023-08-22T01:34:27.000Z,https://universalis.app/market/2870
2872,Electrum Circlet (Zircon),Caroline Varlineau,36399,1,2023-08-05T20:47:35.000Z,https://universalis.app/market/2872
2874,Electrum Circlet (Tourmaline),Rivienne Deauxnim,1000,1,2023-08-06T11:41:25.000Z,https://universalis.app/market/2874
2876,Electrum Circlet (Amber),Caroline Varlineau,29450,1,2023-08-05T20:47:24.000Z,https://universalis.app/market/2876
2878,Electrum Circlet (Spinel),Vagrant Paramour,38990,1,2023-08-23T07:17:23.000Z,https://universalis.app/market/2878
2880,Electrum Circlet (Turquoise),Rosa Lina,1700,1,2023-08-19T14:37:18.000Z,https://universalis.app/market/2880
2882,Rainmaker's Hat,Francis Liadi,14000,1,2023-08-18T21:48:52.000Z,https://universalis.app/market/2882
2884,Cobalt Chain Coif,Procopius Nerva,799,1,2023-08-19T17:21:28.000Z,https://universalis.app/market/2884
5084,Cobalt Rings,Momo Chi,3000,3,2023-08-08T22:18:49.000Z,https://universalis.app/market/5084
2886,Felt Beret,Maeve Stark,14999,1,2023-08-10T23:33:42.000Z,https://universalis.app/market/2886
2888,Vintage Coif,Kino Reinhardt,25000,1,2023-08-06T08:06:02.000Z,https://universalis.app/market/2888
2759,Torn Coif,Cactuar Waffles,9989,1,2023-08-10T07:54:41.000Z,https://universalis.app/market/2759
2889,Cobalt Celata,Taciturn Cliff,1499,1,2023-08-04T18:54:11.000Z,https://universalis.app/market/2889
2891,Felt Cavalier's Hat,Sierra Northwind,25500,1,2023-08-19T20:05:54.000Z,https://universalis.app/market/2891
2893,Cobalt Sallet,Z'ato Two,15000,1,2023-08-23T00:12:09.000Z,https://universalis.app/market/2893
2895,Patrician's Wedge Cap,Amenie Gamma,49999,1,2023-08-09T14:32:25.000Z,https://universalis.app/market/2895
2911,Militia Barbut,Rabbit Kagon,10065,1,2023-08-22T09:08:58.000Z,https://universalis.app/market/2911
2912,Militia Armet,R'emoorg Tia,5000,1,2023-08-13T05:39:00.000Z,https://universalis.app/market/2912
2913,Militia Hat,Amunaptra Atem,5998,1,2023-08-20T08:47:32.000Z,https://universalis.app/market/2913
2915,Silver Tricorne,Altemys Theldry,6998,1,2023-08-06T00:02:02.000Z,https://universalis.app/market/2915
5287,Uraeus Leather,Belit Qestir,49000,2,2023-08-11T20:30:05.000Z,https://universalis.app/market/5287
2920,Carpenter's Hood,Yue Atoel,10996,1,2023-08-09T01:01:36.000Z,https://universalis.app/market/2920
2921,Blacksmith's Goggles,Holt Beast,20000,1,2023-08-15T01:54:49.000Z,https://universalis.app/market/2921
2922,Armorer's Visor,Lilja Voras,30000,1,2023-08-21T12:51:49.000Z,https://universalis.app/market/2922
2923,Goldsmith's Turban,Dyvion Lonebinder,10525,1,2023-08-14T22:56:51.000Z,https://universalis.app/market/2923
2924,Leatherworker's Hat,Mix Wovenheart,9498,1,2023-08-16T00:30:28.000Z,https://universalis.app/market/2924
2925,Weaver's Gibus,Kerina Surfrider,49996,1,2023-08-06T21:19:16.000Z,https://universalis.app/market/2925
2926,Alchemist's Monocle,Bubbles Npg,17494,1,2023-08-15T03:34:19.000Z,https://universalis.app/market/2926
2927,Culinarian's Hat,Zano Mcgee,22999,1,2023-08-05T21:12:37.000Z,https://universalis.app/market/2927
2928,Hamlet Digger's Helmet,Matthew Walker,29999,1,2023-08-06T21:46:33.000Z,https://universalis.app/market/2928
2929,Hamlet Cutter's Hat,Zero Tvvo,50000,1,2023-08-06T13:06:35.000Z,https://universalis.app/market/2929
2930,Hamlet Puller's Hat,Box Boxx,60000,1,2023-08-05T19:57:12.000Z,https://universalis.app/market/2930
2932,Rose Gold Circlet,Ishgardian Emissary,17998,1,2023-08-19T10:10:12.000Z,https://universalis.app/market/2932
2931,Legionary Visor,Nikki Belmont,26508600,1,2023-08-20T07:53:22.000Z,https://universalis.app/market/2931
5067,Rose Gold Ingot,Vex Hellsbringer,680,1,2023-08-20T01:14:58.000Z,https://universalis.app/market/5067
2933,Imperial Operative Tricorne,Peter Pickles,5700,1,2023-08-13T15:44:09.000Z,https://universalis.app/market/2933
2934,Imperial Operative Hat,Tyo Amariyo,12555,1,2023-08-04T20:18:55.000Z,https://universalis.app/market/2934
2938,Gryphonskin Bandana,Zero Requiems,4000,1,2023-08-06T06:27:14.000Z,https://universalis.app/market/2938
5289,Hard Hippogryph Leather,Rapid Sparks,5000,1,2023-08-07T15:53:51.000Z,https://universalis.app/market/5289
2939,Gryphonskin Hat,Peter Pickles,5084,1,2023-08-13T15:43:09.000Z,https://universalis.app/market/2939
2940,Darksteel Chain Coif,Peter Pickles,4500,1,2023-08-13T15:42:55.000Z,https://universalis.app/market/2940
5085,Darksteel Rings,Akuma Mir,996,1,2023-08-14T11:54:02.000Z,https://universalis.app/market/5085
2941,Vanya Hat of Casting,Lux Aeternum,14999,1,2023-08-06T05:31:10.000Z,https://universalis.app/market/2941
5577,Vanya Silk Hat Lining,Didrianna Winterset,2199,1,2023-08-26T02:07:36.000Z,https://universalis.app/market/5577
2942,Vanya Hat of Healing,Jykell Sega,13878,1,2023-08-05T14:47:22.000Z,https://universalis.app/market/2942
2958,Hempen Dalmatica,Moreta Orlith,903,1,2023-08-29T06:18:38.000Z,https://universalis.app/market/2958
2959,Hempen Dalmatica of Gathering,Rraine Kaldr,8500000,1,2023-08-16T15:41:28.000Z,https://universalis.app/market/2959
2960,Hempen Tunic,Lady Grimalkin,12000,1,2023-08-15T00:33:36.000Z,https://universalis.app/market/2960
2961,Hempen Kurta,Lo'z Sukehiro,50,1,2023-08-30T04:25:25.000Z,https://universalis.app/market/2961
2993,Company Tabard,Lukos Vesperia,1786990,1,2023-08-05T04:32:02.000Z,https://universalis.app/market/2993
2996,Hempen Undershirt,Bobby Chumpus,6666,1,2023-08-05T18:22:47.000Z,https://universalis.app/market/2996
2997,Hempen Camise,Sterling Sartre,20000000,1,2023-08-08T16:16:11.000Z,https://universalis.app/market/2997
2999,Hempen Tabard,Tataruu Taru,5000,1,2023-08-26T22:40:02.000Z,https://universalis.app/market/2999
3000,Hempen Cowl,A'reyal Raha,2000,1,2023-08-27T15:18:16.000Z,https://universalis.app/market/3000
3001,Hempen Shepherd's Tunic,Sun Wu'kong,14000,1,2023-08-05T00:40:15.000Z,https://universalis.app/market/3001
3008,Hempen Acton,Kupdo Kado,2999,1,2023-08-13T05:45:09.000Z,https://universalis.app/market/3008
5341,Moko Grass,Katina Star,3001,98,2023-08-07T20:36:33.000Z,https://universalis.app/market/5341
3010,Hempen Halfrobe,Tete Snake,6500,1,2023-08-21T00:19:42.000Z,https://universalis.app/market/3010
3011,Bronze Haubergeon,Eliza Hurst,5000,1,2023-08-06T12:17:13.000Z,https://universalis.app/market/3011
3013,Amateur's Doublet Vest,Kitty Prettylitter,70000,1,2023-08-13T23:41:52.000Z,https://universalis.app/market/3013
3014,Amateur's Kurta,Maverick Highwind,210,1,2023-08-15T22:25:07.000Z,https://universalis.app/market/3014
3015,Amateur's Dalmatica,Lumi Belle,25000,1,2023-08-29T04:59:09.000Z,https://universalis.app/market/3015
3016,Leather Jacket,Genbu Ushikai,7999,1,2023-08-04T22:20:35.000Z,https://universalis.app/market/3016
3017,Hard Leather Harness,Aireo Buni,25000,1,2023-08-09T11:11:01.000Z,https://universalis.app/market/3017
3018,Hempen Robe,A'marya Stark,21109,1,2023-08-17T12:20:12.000Z,https://universalis.app/market/3018
3019,Hempen Doublet Vest of Crafting,Anna Destreza,500,1,2023-08-16T16:48:40.000Z,https://universalis.app/market/3019
3020,Hempen Doublet Vest of Gathering,Peter Pickles,4250,1,2023-08-06T12:08:27.000Z,https://universalis.app/market/3020
3022,Cotton Shirt,Slyxian Blackthorne,2500,1,2023-08-18T23:47:38.000Z,https://universalis.app/market/3022
3023,Cotton Shepherd's Tunic,Skorbunnee Firefist,25000,1,2023-08-07T23:50:52.000Z,https://universalis.app/market/3023
3024,Cotton Cowl,Cranberry Sprite,8000000,1,2023-08-09T01:31:24.000Z,https://universalis.app/market/3024
3026,Bronze Cuirass,G'baelf Naasade,1100010,1,2023-08-15T12:14:59.000Z,https://universalis.app/market/3026
3028,Cotton Tabard,Kaminari Senshi,4000,1,2023-08-05T02:24:18.000Z,https://universalis.app/market/3028
3036,Cotton Dalmatica,Rasandria Heavensfall,25000,1,2023-08-08T09:40:25.000Z,https://universalis.app/market/3036
3038,Cotton Dalmatica of Gathering,Skyangel Mibu,18500,1,2023-08-21T04:43:11.000Z,https://universalis.app/market/3038
3039,Cotton Acton,Sun Wu'kong,25001,1,2023-08-12T23:11:55.000Z,https://universalis.app/market/3039
3041,Cotton Kurta,Tamales Muncher,24000,1,2023-08-05T06:48:11.000Z,https://universalis.app/market/3041
3043,Goatskin Jacket,Sky Ice,840,1,2023-08-16T18:25:33.000Z,https://universalis.app/market/3043
3045,Iron Cuirass,Lanche Devereaux,4999,1,2023-08-12T15:54:06.000Z,https://universalis.app/market/3045
3050,Cotton Halfrobe,Raedon Gladius,5000,1,2023-08-20T08:22:18.000Z,https://universalis.app/market/3050
3052,Cotton Doublet Vest of Crafting,Rachine Gucuma,49999,1,2023-08-28T00:03:23.000Z,https://universalis.app/market/3052
3053,Cotton Doublet Vest of Gathering,A'marya Stark,35000,1,2023-08-26T03:43:59.000Z,https://universalis.app/market/3053
3057,Iron Scale Mail,Lanche Devereaux,15000,1,2023-08-14T17:46:33.000Z,https://universalis.app/market/3057
3060,Cotton Trapper's Tunic,Orusroth Crown,2500,1,2023-08-09T15:38:36.000Z,https://universalis.app/market/3060
3062,Cotton Robe,Zemra Sinqeriteti,6027,1,2023-08-27T22:38:02.000Z,https://universalis.app/market/3062
3064,Initiate's Doublet Vest,Toff Kobalos,15000,1,2023-08-05T07:01:42.000Z,https://universalis.app/market/3064
3065,Initiate's Gown,Bree Macintosh,8900,1,2023-08-05T16:49:59.000Z,https://universalis.app/market/3065
3066,Velveteen Shirt,Narumi Lunafell,50000,1,2023-08-11T15:12:23.000Z,https://universalis.app/market/3066
3068,Heavy Iron Armor,Rorodio Xoxodio,117000000,1,2023-08-26T04:03:09.000Z,https://universalis.app/market/3068
3076,Vintage Coatee,Kitty Prettylitter,98999,1,2023-08-04T03:49:40.000Z,https://universalis.app/market/3076
3009,Moth-eaten Coatee,Malice Snow,34993,1,2023-08-14T06:43:57.000Z,https://universalis.app/market/3009
3077,Velveteen Coatee of Crafting,Haru Takayama,28999,1,2023-08-15T22:30:05.000Z,https://universalis.app/market/3077
3090,Velveteen Cowl,Asher Smasher,23000,1,2023-08-08T21:05:51.000Z,https://universalis.app/market/3090
3092,Velveteen Coatee of Gathering,Naomi Kusakari,35000,1,2023-08-29T05:04:51.000Z,https://universalis.app/market/3092
3096,Steel Chainmail,Elyxian Inferno,50000,1,2023-08-22T21:33:45.000Z,https://universalis.app/market/3096
5083,Steel Rings,Aislynne Relicbane,2000,2,2023-08-14T03:48:29.000Z,https://universalis.app/market/5083
3099,Toadskin Jerkin,G'willow Fhin,18000,1,2023-08-12T01:01:09.000Z,https://universalis.app/market/3099
3100,Toadskin Jacket,Madam Krysis,16650000,1,2023-08-26T04:05:18.000Z,https://universalis.app/market/3100
3102,Steel Cuirass,Ian Smith,50000,1,2023-08-29T20:37:33.000Z,https://universalis.app/market/3102
3104,Velveteen Gown,Zelda Faye,30000,1,2023-08-15T01:53:51.000Z,https://universalis.app/market/3104
3105,Vintage Doublet Vest,Rose Merick,35000,1,2023-08-21T15:31:23.000Z,https://universalis.app/market/3105
2998,Frayed Cotton Doublet Vest,Jolly Greengiant,18000,1,2023-08-17T13:21:21.000Z,https://universalis.app/market/2998
3106,Velveteen Robe,Dagger Moon,18000,1,2023-08-04T05:55:32.000Z,https://universalis.app/market/3106
3118,Steel Scale Mail,Aireo Buni,24999,1,2023-08-06T18:06:31.000Z,https://universalis.app/market/3118
3120,Velveteen Doublet Vest of Crafting,Pella Peach,32000,1,2023-08-15T22:21:30.000Z,https://universalis.app/market/3120
3121,Velveteen Doublet Vest of Gathering,Lyrica Keito,49989,1,2023-08-06T18:15:35.000Z,https://universalis.app/market/3121
3125,Linen Shirt,Slyxian Blackthorne,30000,1,2023-08-28T04:36:57.000Z,https://universalis.app/market/3125
3127,Heavy Steel Armor,Zhimei Su,25000,1,2023-08-22T07:33:47.000Z,https://universalis.app/market/3127
3131,Linen Robe,Michael Kist,19999,1,2023-08-23T22:55:39.000Z,https://universalis.app/market/3131
3137,Vintage Chef's Apron,Ianius Mercer,30000,1,2023-08-20T20:41:15.000Z,https://universalis.app/market/3137
3138,Boarskin Harness,Momonne Saucier,29995,1,2023-08-12T19:08:08.000Z,https://universalis.app/market/3138
3140,Linen Cowl,Crogan Veridant,29991,1,2023-08-24T17:36:02.000Z,https://universalis.app/market/3140
3142,Horn Scale Mail,Fillia Beris,60000,1,2023-08-05T18:11:07.000Z,https://universalis.app/market/3142
3144,Linen Coatee of Crafting,Katina Star,35000,1,2023-08-18T20:44:35.000Z,https://universalis.app/market/3144
3145,Linen Coatee of Gathering,Mari'na Amariyo,35000,1,2023-08-18T18:42:34.000Z,https://universalis.app/market/3145
3146,Linen Bliaud,Abby Whelihan,35000,1,2023-08-24T18:58:24.000Z,https://universalis.app/market/3146
3147,Woolen Shirt,Fenix Fyre,39996,1,2023-08-19T20:05:45.000Z,https://universalis.app/market/3147
3149,Mythril Cuirass,Antonio Dakwhil,47999,1,2023-08-16T16:49:58.000Z,https://universalis.app/market/3149
3160,Woolen Robe,Edgar Strife,45000,1,2023-08-06T04:26:06.000Z,https://universalis.app/market/3160
3162,Linen Smock,Caelestia Amor,30000,1,2023-08-06T21:52:54.000Z,https://universalis.app/market/3162
3163,Linen Doublet,Sonja Ymir,11000,1,2023-08-17T03:09:54.000Z,https://universalis.app/market/3163
3164,Vintage Scale Mail,Ifion Roaz,30000,1,2023-08-13T04:14:13.000Z,https://universalis.app/market/3164
3021,Blackened Scale Mail,Tabius Korinthos,13000,1,2023-08-19T19:36:44.000Z,https://universalis.app/market/3021
3165,Peisteskin Harness,Koko Keke,33333,1,2023-08-19T21:35:54.000Z,https://universalis.app/market/3165
3172,Ranger's Tunic,Barley Grassarley,19999,1,2023-08-27T01:56:52.000Z,https://universalis.app/market/3172
3174,Mythril Haubergeon,Nimue Umiko,30000,1,2023-08-14T18:17:27.000Z,https://universalis.app/market/3174
3176,Woolen Gown,Suza'zi Zossau,39999,1,2023-08-04T05:54:54.000Z,https://universalis.app/market/3176
3177,Boarskin Jerkin,Rikku Kurosaki,20000,1,2023-08-31T07:21:13.000Z,https://universalis.app/market/3177
3178,Woolen Bliaud,Rems Hewley,3000,1,2023-08-13T03:49:14.000Z,https://universalis.app/market/3178
3180,High Mythril Armor,Masha Zolsesi,50000,1,2023-08-30T04:17:22.000Z,https://universalis.app/market/3180
3182,Vintage Seneschal Coatee,Scar Rose,10500,1,2023-08-07T01:58:49.000Z,https://universalis.app/market/3182
3098,Moth-eaten Seneschal Coatee,Katsume Tsukiko,25000,1,2023-08-06T13:31:18.000Z,https://universalis.app/market/3098
3183,Tortoiseshell Scale Mail,Squidly Inkerton,20000,1,2023-08-15T02:39:45.000Z,https://universalis.app/market/3183
3185,Felt Robe,Torsten Foxe,23000,1,2023-08-16T19:34:26.000Z,https://universalis.app/market/3185
3187,Woolen Smock,Haoryou Nuwin,25085,1,2023-08-15T22:02:37.000Z,https://universalis.app/market/3187
3188,Woolen Doublet,Kaeya Arulaq,35000,1,2023-08-17T17:40:38.000Z,https://universalis.app/market/3188
3191,Raptorskin Harness,Reza Grandair,50000,1,2023-08-13T05:56:11.000Z,https://universalis.app/market/3191
3193,Woolen Cowl,Zen Jhar,9999,1,2023-08-16T05:34:55.000Z,https://universalis.app/market/3193
3201,Rainmaker's Tunic,Torsten Foxe,39999,1,2023-08-16T19:34:41.000Z,https://universalis.app/market/3201
3203,Cobalt Haubergeon,Elyxian Inferno,60000,1,2023-08-26T14:06:11.000Z,https://universalis.app/market/3203
3205,Felt Gown,Ate Fray,35000,1,2023-08-20T19:10:41.000Z,https://universalis.app/market/3205
3206,Raptorskin Jerkin,Lax Tax,20000000,1,2023-08-21T08:18:48.000Z,https://universalis.app/market/3206
3208,Vintage Robe,Jenkshi Angura,29999,1,2023-08-13T08:00:58.000Z,https://universalis.app/market/3208
3209,Cobalt Cuirass,Akhekh Drakon,19000,1,2023-08-18T23:17:20.000Z,https://universalis.app/market/3209
3211,Felt Bliaud,Yrys Kha-qalli,60000,1,2023-08-17T04:31:34.000Z,https://universalis.app/market/3211
3213,Raptorskin Jacket,Sierra Northwind,21899,1,2023-08-18T22:02:55.000Z,https://universalis.app/market/3213
3215,Patrician's Coatee,Kael Morhen,47975,1,2023-08-25T05:18:15.000Z,https://universalis.app/market/3215
3218,Vintage Haubergeon,Gary Finnegan,7500,1,2023-08-23T07:58:40.000Z,https://universalis.app/market/3218
3229,Carpenter's Gown,Margot Aurayn,59999,1,2023-08-15T01:55:04.000Z,https://universalis.app/market/3229
3230,Blacksmith's Apron,Grier Grien,84982,1,2023-08-13T10:32:00.000Z,https://universalis.app/market/3230
3231,Armorer's Gown,Mix Wovenheart,34999,1,2023-08-17T20:09:19.000Z,https://universalis.app/market/3231
3232,Goldsmith's Doublet,Astrelle Reggin,29998,1,2023-08-06T00:07:04.000Z,https://universalis.app/market/3232
3233,Leatherworker's Shirt,Mix Wovenheart,85000,1,2023-08-16T00:30:17.000Z,https://universalis.app/market/3233
3234,Weaver's Swallowtail,Kerina Surfrider,85000,1,2023-08-06T21:16:14.000Z,https://universalis.app/market/3234
3235,Alchemist's Coat,Vanatos Vandaryn,29997,1,2023-08-24T12:06:10.000Z,https://universalis.app/market/3235
3236,Culinarian's Apron,Rikku Bigdong,59998,1,2023-08-13T08:17:55.000Z,https://universalis.app/market/3236
3237,Miner's Shirt,Aine Eironeia,50000,1,2023-08-11T12:20:27.000Z,https://universalis.app/market/3237
3238,Botanist's Doublet,Rei Sasaki,69000,1,2023-08-07T01:38:45.000Z,https://universalis.app/market/3238
3239,Fisher's Shirt,Rei Sasaki,70000,1,2023-08-06T22:48:32.000Z,https://universalis.app/market/3239
3240,Militia Robe,Hue Hars,2000,1,2023-08-15T23:47:34.000Z,https://universalis.app/market/3240
3241,Militia Cuirass,Anri Apricot,11043,1,2023-08-21T22:50:41.000Z,https://universalis.app/market/3241
3242,Militia Harness,Hilda Healerpants,42000,1,2023-08-11T03:52:20.000Z,https://universalis.app/market/3242
3243,Mosshorn Scale Mail,Sumi Jizutsu,14999,1,2023-08-31T02:00:41.000Z,https://universalis.app/market/3243
5437,Mossy Horn,Tuya Mol,99,2,2023-08-27T01:46:40.000Z,https://universalis.app/market/5437
3244,Dodore Doublet,Kassandra Kobayashi,50000,1,2023-08-11T22:40:59.000Z,https://universalis.app/market/3244
5286,Dodore Leather,Arieys Valentine,3499,2,2023-08-26T06:22:37.000Z,https://universalis.app/market/5286
3249,Imperial Operative Dalmatica,David Lanning,3499,1,2023-08-18T05:17:48.000Z,https://universalis.app/market/3249
3256,Heavy Darksteel Armor,Lunaros Mendrithi,13999,1,2023-08-07T20:04:02.000Z,https://universalis.app/market/3256
5585,Darksteel Breastplate,Didrianna Winterset,2200,2,2023-08-26T02:09:13.000Z,https://universalis.app/market/5585
3257,Darksteel Haubergeon,Nefi Sorleva,3490,1,2023-08-29T10:12:06.000Z,https://universalis.app/market/3257
5105,Garlean Steel Plate,Vivian Vacuus,859,5,2023-08-26T07:01:46.000Z,https://universalis.app/market/5105
3258,Gryphonskin Jerkin,Rosa Lina,7200,1,2023-08-19T14:40:47.000Z,https://universalis.app/market/3258
5290,Coeurl Fur,Pyper Molkot,499,1,2023-08-17T15:56:31.000Z,https://universalis.app/market/5290
5581,Gryphonskin Shoulder Guards,Didrianna Winterset,2024,2,2023-08-30T01:02:17.000Z,https://universalis.app/market/5581
3259,Gryphonskin Tunic,Nori Matsutake,2999,1,2023-08-05T19:54:19.000Z,https://universalis.app/market/3259
5104,Garlean Steel Joint,Vivian Vacuus,1000,1,2023-08-26T07:01:54.000Z,https://universalis.app/market/5104
3260,Vanya Robe of Casting,Reishen Minyuki,5986,1,2023-08-19T22:12:49.000Z,https://universalis.app/market/3260
