id,name,buyerName,pricePerUnit,quantity,timestamp,universalisUrl
1602,Bronze Bastard Sword,Lilu Chillu,40000000,1,2023-07-08T02:17:23.000Z,https://universalis.app/market/1602
2,Fire Shard,Miah Nelhaha,175,55,2023-07-17T01:19:38.000Z,https://universalis.app/market/2
5,Earth Shard,Syeira Strongshield,89,200,2023-07-11T05:47:59.000Z,https://universalis.app/market/5
5056,Bronze Ingot,Kaya Runway,600,36,2023-07-15T22:15:25.000Z,https://universalis.app/market/5056
5361,Maple Lumber,Nikolas Braelin,500,4,2023-07-03T18:29:30.000Z,https://universalis.app/market/5361
5432,Bone Chip,Dyvion Lonebinder,50,35,2023-07-05T23:56:24.000Z,https://universalis.app/market/5432
1603,Viking Sword,Sasha Moonglow,12140000,1,2023-07-18T23:10:17.000Z,https://universalis.app/market/1603
5275,Leather,Luna Lilliana,106,1,2023-07-07T12:09:05.000Z,https://universalis.app/market/5275
1604,Ash Macuahuitl,Princess Shortcake,21445450,1,2023-06-28T12:43:48.000Z,https://universalis.app/market/1604
3,Ice Shard,Ms Eldari,175,55,2023-07-11T22:31:48.000Z,https://universalis.app/market/3
4,Wind Shard,Felix Lansera,175,55,2023-07-14T00:23:30.000Z,https://universalis.app/market/4
5124,Obsidian,Relala Rela,175,16,2023-06-30T07:43:26.000Z,https://universalis.app/market/5124
5364,Ash Lumber,Ninako Yako,1100,10,2023-07-15T21:49:54.000Z,https://universalis.app/market/5364
1605,Bronze Spatha,Yohvu Mizuki,30000,1,2023-07-15T05:55:00.000Z,https://universalis.app/market/1605
5276,Hard Leather,Rue Bix-kyoob,999,7,2023-07-06T01:48:25.000Z,https://universalis.app/market/5276
5434,Ram Horn,Cinley North,10,20,2023-07-01T00:33:04.000Z,https://universalis.app/market/5434
1607,Brass Bastard Sword,Itsuki Chijo,3500,1,2023-07-12T02:41:25.000Z,https://universalis.app/market/1607
5063,Brass Ingot,Silaria Lionhart,2000,1,2023-06-29T22:57:36.000Z,https://universalis.app/market/5063
1609,Brass Viking Sword,Sechena Kha,2999,1,2023-06-30T03:14:04.000Z,https://universalis.app/market/1609
5277,Aldgoat Leather,Shinobi Dm,4000,10,2023-07-23T14:45:08.000Z,https://universalis.app/market/5277
1611,Carnage Sword,Veneria Foreshadow,5000,1,2023-07-02T16:12:42.000Z,https://universalis.app/market/1611
1614,Iron Shortsword,Daphne Mae,12000,1,2023-07-20T23:16:31.000Z,https://universalis.app/market/1614
5057,Iron Ingot,Kaya Runway,2002,5,2023-07-16T09:49:47.000Z,https://universalis.app/market/5057
5367,Elm Lumber,Santiago Karunal,2500,1,2023-07-23T04:51:25.000Z,https://universalis.app/market/5367
1622,Iron Spatha,Eurys Nocturn,1799,1,2023-07-09T18:58:56.000Z,https://universalis.app/market/1622
5435,Antelope Horn,Nikolas Braelin,9000,10,2023-07-03T19:41:31.000Z,https://universalis.app/market/5435
1625,Steel Broadsword,Lune Marpierre,5000,1,2023-07-08T01:48:06.000Z,https://universalis.app/market/1625
5058,Steel Ingot,Ony Greystone,3999,1,2023-07-08T05:49:51.000Z,https://universalis.app/market/5058
5371,Walnut Lumber,Kyoki Amaru,3000,1,2023-07-08T19:24:06.000Z,https://universalis.app/market/5371
5444,Wolf Fang,Tyon Allenmoore,15000,1,2023-07-08T19:56:26.000Z,https://universalis.app/market/5444
1627,Elm Macuahuitl,Silver Evren,5000,1,2023-07-12T04:34:41.000Z,https://universalis.app/market/1627
1633,Steel Falchion,Ravin Taimat,30000,1,2023-07-10T14:48:03.000Z,https://universalis.app/market/1633
5260,Siltstone Whetstone,Aria Castellan,1495,3,2023-07-01T02:11:07.000Z,https://universalis.app/market/5260
8,Fire Crystal,Zero Amiya,199,101,2023-06-28T18:06:34.000Z,https://universalis.app/market/8
1606,Blunt Bastard Sword,Dragul Ryujin,830,1,2023-07-10T07:02:52.000Z,https://universalis.app/market/1606
5259,Mudstone Whetstone,Esme Tyata,800,6,2023-07-15T16:52:21.000Z,https://universalis.app/market/5259
1637,Walnut Macuahuitl,Cory Hunter,4399,1,2023-06-30T21:29:40.000Z,https://universalis.app/market/1637
5125,Wyvern Obsidian,R'aqhsha Bauhnu,299,8,2023-06-29T10:52:21.000Z,https://universalis.app/market/5125
1639,Steel Longsword,Arbor Ataraxia,25999,1,2023-07-15T16:08:49.000Z,https://universalis.app/market/1639
5504,Fish Glue,Parro Ellasch,1400,24,2023-07-09T20:21:04.000Z,https://universalis.app/market/5504
1642,Goblin Scimitar,Sephi Kupo,19950,1,2023-07-06T00:05:54.000Z,https://universalis.app/market/1642
1613,Blunt Goblin Scimitar,Melusine Astraea,2035,1,2023-07-06T23:42:42.000Z,https://universalis.app/market/1613
1643,Mythril Broadsword,Kaya Runway,25000,1,2023-07-16T23:54:45.000Z,https://universalis.app/market/1643
5065,Mythril Ingot,Geoff W',2999,99,2023-07-20T23:56:56.000Z,https://universalis.app/market/5065
5373,Oak Lumber,X'akhra Tiaque,2250,5,2023-07-25T23:03:21.000Z,https://universalis.app/market/5373
1648,Vintage Viking Sword,Cherry Steal,27498,1,2023-07-05T13:33:17.000Z,https://universalis.app/market/1648
11,Earth Crystal,Rathon Gerdack,500,33,2023-07-04T17:05:49.000Z,https://universalis.app/market/11
1616,Nicked Viking Sword,Niri Zonikki,8250,1,2023-07-18T02:14:22.000Z,https://universalis.app/market/1616
1649,Goblin Longsword,Hazak Maguzak,17500,1,2023-07-03T15:54:49.000Z,https://universalis.app/market/1649
5262,Basilisk Whetstone,Dezkiimro Avagnar,2000,15,2023-07-15T02:18:11.000Z,https://universalis.app/market/5262
1650,Plumed Oak Macuahuitl,Napa Konota,13999,1,2023-07-01T05:48:30.000Z,https://universalis.app/market/1650
5360,Wildfowl Feather,Hai Nguyen,2000,1,2023-07-11T04:34:49.000Z,https://universalis.app/market/5360
1657,Cobalt Katzbalger,Ama Yeboah,8000,1,2023-07-01T16:15:50.000Z,https://universalis.app/market/1657
5059,Cobalt Ingot,Kitsu Uzuka,100000,1,2023-07-20T00:21:19.000Z,https://universalis.app/market/5059
5066,Electrum Ingot,Rave D'hephaestus,9992,14,2023-07-09T09:42:29.000Z,https://universalis.app/market/5066
5282,Boar Leather,Ms Eldari,10000,1,2023-07-05T11:22:25.000Z,https://universalis.app/market/5282
1659,Cobalt Shamshir,Pyper Molkot,49999,1,2023-07-15T19:08:25.000Z,https://universalis.app/market/1659
5436,Aldgoat Horn,Nero Fatebreaker,3000,5,2023-07-06T04:24:21.000Z,https://universalis.app/market/5436
1663,Cobalt Winglet,Zero Amiya,49900,1,2023-07-08T19:19:55.000Z,https://universalis.app/market/1663
5374,Mahogany Lumber,Hartu Kohai,3500,1,2023-07-01T02:05:09.000Z,https://universalis.app/market/5374
5465,Sunrise Tellin,Gon Kousei,1000,1,2023-07-21T11:32:49.000Z,https://universalis.app/market/5465
5505,Horn Glue,Shi Kage,3002,2,2023-07-09T10:45:08.000Z,https://universalis.app/market/5505
1666,Giantsgall Longsword,Sanctus Domina,19000,1,2023-07-24T03:08:42.000Z,https://universalis.app/market/1666
18,Lightning Cluster,Neeka Nimphel,500,100,2023-06-29T01:57:19.000Z,https://universalis.app/market/18
19,Water Cluster,Jiluna Araxie,350,100,2023-07-04T05:20:21.000Z,https://universalis.app/market/19
7620,Diluted Vitriol,Dragnail Firestorm,2000,6,2023-06-28T03:10:03.000Z,https://universalis.app/market/7620
1670,Aeolian Scimitar,Dex N'rhelh,76999,1,2023-07-03T21:42:47.000Z,https://universalis.app/market/1670
1636,Blunt Aeolian Scimitar,Hiyori Rin,15000,1,2023-07-03T02:10:37.000Z,https://universalis.app/market/1636
5061,Darksteel Nugget,Aria Castellan,5000,5,2023-07-04T17:53:32.000Z,https://universalis.app/market/5061
1673,Mailbreaker,Wren Cherith,504,1,2023-07-23T19:39:04.000Z,https://universalis.app/market/1673
14,Fire Cluster,Nyx Severin,234,101,2023-07-04T01:25:55.000Z,https://universalis.app/market/14
17,Earth Cluster,Rathon Gerdack,179,101,2023-07-04T17:08:24.000Z,https://universalis.app/market/17
5068,Rose Gold Nugget,Rudolph Redwind,50000,2,2023-07-05T01:04:55.000Z,https://universalis.app/market/5068
5288,Hippogryph Leather,Maelynn Favonia,1495,2,2023-07-23T02:36:25.000Z,https://universalis.app/market/5288
5570,Mailbreaker Blade,Azir Shuross,3000,2,2023-07-01T08:52:08.000Z,https://universalis.app/market/5570
1681,Bone Hora,Meiomi Cloudburst,19950,1,2023-07-10T18:02:23.000Z,https://universalis.app/market/1681
5318,Animal Sinew,Lord' Grim',1000,1,2023-07-07T19:36:43.000Z,https://universalis.app/market/5318
1682,Leather Himantes,Megaera Silvermoon,295,1,2023-07-08T05:42:36.000Z,https://universalis.app/market/1682
5324,Undyed Hempen Cloth,Luna Valkyrie,10000000,1,2023-07-09T16:02:39.000Z,https://universalis.app/market/5324
1683,Ramhorn Claws,Daphne Mae,11237,1,2023-07-19T23:04:44.000Z,https://universalis.app/market/1683
1684,Bronze Knuckles,Zarya Zo,4999,1,2023-07-07T19:27:48.000Z,https://universalis.app/market/1684
1685,Hard Leather Himantes,Monka Yesss,300,1,2023-07-16T01:43:12.000Z,https://universalis.app/market/1685
1688,Goatskin Cesti,Cassie Rose,6500,1,2023-07-18T20:18:43.000Z,https://universalis.app/market/1688
5319,Beast Sinew,Luna Knightshade,1200,30,2023-07-22T23:11:23.000Z,https://universalis.app/market/5319
5072,Iron Plate,Rudolph Redwind,1500,1,2023-07-05T01:02:45.000Z,https://universalis.app/market/5072
1697,Toadskin Cesti,Bella Zae,7500,1,2023-07-06T23:31:25.000Z,https://universalis.app/market/1697
5280,Toad Leather,Sesame Buns,3000,1,2023-07-16T20:06:22.000Z,https://universalis.app/market/5280
5320,Diremite Sinew,Seanzzie Lightheart,510,3,2023-07-13T23:12:51.000Z,https://universalis.app/market/5320
1699,Steel Claws,Veneria Foreshadow,3699,1,2023-07-03T19:27:49.000Z,https://universalis.app/market/1699
5073,Steel Plate,Melev Mourn,5500,6,2023-07-06T21:31:15.000Z,https://universalis.app/market/5073
1706,Crabshell Hora,Kiji Kij,16498,1,2023-07-02T22:31:24.000Z,https://universalis.app/market/1706
5321,Hippogryph Sinew,Shinobi Dm,2000,5,2023-07-22T13:39:13.000Z,https://universalis.app/market/5321
5456,Green Megalocrab Shell,Ms Eldari,700,1,2023-07-11T02:32:46.000Z,https://universalis.app/market/5456
1708,Boarskin Himantes,Veneria Foreshadow,14999,1,2023-07-03T22:41:44.000Z,https://universalis.app/market/1708
1711,Mythril Claws,Kiji Kij,20000,1,2023-06-28T02:11:54.000Z,https://universalis.app/market/1711
5079,Mythril Plate,Khullkoth Parapho,988570,1,2023-07-13T16:21:08.000Z,https://universalis.app/market/5079
1716,Tortoiseshell Hora,Danny Astle,4600,1,2023-07-03T04:44:02.000Z,https://universalis.app/market/1716
5322,Raptor Sinew,Risa Pizza,1900,3,2023-07-05T07:46:45.000Z,https://universalis.app/market/5322
5458,Adamantoise Shell,Abrielle Rielle,222,1,2023-07-11T21:32:59.000Z,https://universalis.app/market/5458
1723,Cobalt Knuckles,Kaya Runway,45000,1,2023-07-17T00:22:44.000Z,https://universalis.app/market/1723
1728,Peisteskin Cesti,Norman Granville,4000,1,2023-07-21T05:53:23.000Z,https://universalis.app/market/1728
5284,Peiste Leather,Elythiah Gryphon,599,2,2023-07-22T23:47:36.000Z,https://universalis.app/market/5284
1732,Vintage Hora,Kirian Ruenheid,9899,1,2023-07-14T17:31:45.000Z,https://universalis.app/market/1732
1701,Chipped Hora,Risa Pizza,6200,1,2023-07-07T05:08:44.000Z,https://universalis.app/market/1701
5285,Raptor Leather,Melev Mourn,4000,10,2023-07-06T21:32:05.000Z,https://universalis.app/market/5285
1733,Cobalt Claws,Masha Sochz,35000,1,2023-07-15T15:35:27.000Z,https://universalis.app/market/1733
5074,Cobalt Plate,Scruffed Keal,7300,2,2023-07-07T01:52:29.000Z,https://universalis.app/market/5074
1736,Giantsgall Claws,Raven Lionheart,445,1,2023-06-30T16:41:27.000Z,https://universalis.app/market/1736
1740,Wildling's Cesti,Angel Lightborn,14000,1,2023-07-07T12:56:39.000Z,https://universalis.app/market/1740
10,Wind Crystal,Beba Loot,1000,32,2023-07-24T00:38:13.000Z,https://universalis.app/market/10
5567,Bloody Cesti Covers,Didrianna Winterset,2288,1,2023-07-16T00:53:36.000Z,https://universalis.app/market/5567
1743,Avengers,Crayon Sniffer,2050,1,2023-07-01T11:13:46.000Z,https://universalis.app/market/1743
5378,Spruce Lumber,X'sol Iceblood,10000,18,2023-06-29T20:23:56.000Z,https://universalis.app/market/5378
5571,Avenger Grips,Azir Shuross,3000,2,2023-07-01T08:51:38.000Z,https://universalis.app/market/5571
1750,Bronze War Axe,Night Rains,14885,1,2023-07-16T11:39:58.000Z,https://universalis.app/market/1750
1751,Bronze Labrys,Dekken Blake,1000,1,2023-06-29T02:25:45.000Z,https://universalis.app/market/1751
1752,Cloud Axe,Vuli Livu,500,1,2023-06-30T02:05:57.000Z,https://universalis.app/market/1752
1753,Spiked Bronze Labrys,Xion Zero,35000,1,2023-07-15T22:51:11.000Z,https://universalis.app/market/1753
1754,Iron War Axe,Fenix Fyre,10000,1,2023-07-01T19:17:19.000Z,https://universalis.app/market/1754
1756,Iron Labrys,Cassie Rose,12999,1,2023-07-18T18:07:14.000Z,https://universalis.app/market/1756
1758,Inferno Axe,Adora Trevelyan,5000,1,2023-06-29T05:20:19.000Z,https://universalis.app/market/1758
1764,Iron Bill,Kysara Lunaris,3000,1,2023-07-04T03:42:58.000Z,https://universalis.app/market/1764
4856,Clove Oil,Parro Ellasch,500,2,2023-06-28T09:25:10.000Z,https://universalis.app/market/4856
5368,Yew Lumber,Muaja Dei-ijla,2000,2,2023-07-20T17:45:53.000Z,https://universalis.app/market/5368
1766,Thunderstorm Axe,Stella Fae,350,1,2023-07-10T03:58:03.000Z,https://universalis.app/market/1766
5064,Silver Ingot,Dragnail Firestorm,4000,1,2023-06-28T03:08:12.000Z,https://universalis.app/market/5064
1769,Spiked Steel Labrys,Auriane Hernault,4999,1,2023-07-02T16:52:34.000Z,https://universalis.app/market/1769
1776,Steel Bardiche,Silver Evren,12999,1,2023-07-14T16:40:05.000Z,https://universalis.app/market/1776
5405,Yew Branch,Kysara Lunaris,680,4,2023-07-04T03:45:54.000Z,https://universalis.app/market/5405
1778,Steel Bhuj,Nerian Snowpetal,39999,1,2023-07-07T22:10:56.000Z,https://universalis.app/market/1778
1781,Spiked Mythril Labrys,Olina Seekheart,20000,1,2023-07-12T11:21:39.000Z,https://universalis.app/market/1781
1786,Mythril Bhuj,Bella Zae,20000,1,2023-07-19T23:16:26.000Z,https://universalis.app/market/1786
1796,Buccaneer's Bardiche,Kaya Runway,45000,1,2023-07-17T00:22:59.000Z,https://universalis.app/market/1796
5414,Rosewood Branch,Hinata Ohime,1000,5,2023-07-22T00:58:50.000Z,https://universalis.app/market/5414
1800,Vintage Bill,Dookie Dookie,25000,1,2023-07-24T18:03:15.000Z,https://universalis.app/market/1800
1771,Notched Bill,Skiros Drakon,3000,1,2023-06-29T08:00:14.000Z,https://universalis.app/market/1771
1801,Demilune Bhuj,Amaya Iriq,40110,1,2023-06-28T02:24:24.000Z,https://universalis.app/market/1801
5196,Jadeite,Aeyrhj Hyskaris,1200,2,2023-07-22T10:00:08.000Z,https://universalis.app/market/5196
1803,Spiked Cobalt Labrys,Hybrid Arknight,25000,1,2023-07-21T04:13:36.000Z,https://universalis.app/market/1803
5376,Rosewood Lumber,Z'phyr Tia,3500,1,2023-07-02T19:12:36.000Z,https://universalis.app/market/5376
1806,Giantsgall War Axe,Wren Cherith,1865,1,2023-07-23T19:39:49.000Z,https://universalis.app/market/1806
1810,Barbarian's Bardiche,Maraudio Shields,90000,1,2023-06-30T12:49:20.000Z,https://universalis.app/market/1810
5566,Bloody Bardiche Head,Didrianna Winterset,2468,2,2023-07-11T02:19:01.000Z,https://universalis.app/market/5566
1813,Rampager,Wren Cherith,1913,1,2023-07-23T19:40:13.000Z,https://universalis.app/market/1813
5075,Darksteel Plate,Alice Flameheart,6000,12,2023-07-14T04:00:03.000Z,https://universalis.app/market/5075
5572,Rampager Head,Azir Shuross,2600,2,2023-07-01T08:51:17.000Z,https://universalis.app/market/5572
1820,Bone Harpoon,Chibi Pawnie,14990,1,2023-07-04T12:53:58.000Z,https://universalis.app/market/1820
5503,Animal Glue,Ferris Martyn,100,9,2023-07-03T13:39:26.000Z,https://universalis.app/market/5503
1821,Bronze Spear,Rue Bix-kyoob,4990,1,2023-07-06T01:44:51.000Z,https://universalis.app/market/1821
5482,Fish Oil,Ravin Taimat,300,3,2023-07-22T12:45:05.000Z,https://universalis.app/market/5482
1822,Ramhorn Harpoon,Roo Iam,2450,1,2023-07-10T00:42:23.000Z,https://universalis.app/market/1822
1823,Feathered Harpoon,Tiugh Athair,20000,1,2023-07-12T00:56:42.000Z,https://universalis.app/market/1823
5352,Crow Feather,Lian Feng,2000,2,2023-07-21T14:55:02.000Z,https://universalis.app/market/5352
5433,Soiled Femur,Psycho Starkiller,301,1,2023-07-22T02:09:56.000Z,https://universalis.app/market/5433
1824,Brass Spear,Prince Popoto,2350,1,2023-06-28T15:15:37.000Z,https://universalis.app/market/1824
1825,Iron Spear,Leo Mikael,4000,1,2023-07-04T09:32:36.000Z,https://universalis.app/market/1825
1827,Iron Lance,X'sol Iceblood,39999,1,2023-07-05T17:05:11.000Z,https://universalis.app/market/1827
1833,Iron Guisarme,Brave Sparrow,4999,1,2023-07-10T11:40:51.000Z,https://universalis.app/market/1833
1836,Silver Battle Fork,Arbor Ataraxia,4000,1,2023-07-05T23:38:25.000Z,https://universalis.app/market/1836
5484,Crab Oil,Jay Reh,7000,2,2023-07-01T02:39:47.000Z,https://universalis.app/market/5484
1838,Steel Halberd,Popowazu Wawawazu,12000,1,2023-07-09T02:41:45.000Z,https://universalis.app/market/1838
1845,Steel Spear,Arbor Ataraxia,20000,1,2023-07-06T22:22:48.000Z,https://universalis.app/market/1845
1847,Heavy Steel Lance,Veneria Foreshadow,30000,1,2023-06-28T17:46:59.000Z,https://universalis.app/market/1847
1850,Yarzonshell Harpoon,Zarya Zo,5000,1,2023-07-16T14:54:46.000Z,https://universalis.app/market/1850
5454,Yellow Yarzon Leg,David Lanning,10,5,2023-07-17T06:21:20.000Z,https://universalis.app/market/5454
1855,Mythril Lance,Sun's Core,22000,1,2023-07-21T23:59:28.000Z,https://universalis.app/market/1855
1862,Cobalt Halberd,Kiji Kij,48999,1,2023-06-28T02:11:33.000Z,https://universalis.app/market/1862
1867,Cobalt Trident,Fiadh Fairley,10000,1,2023-07-03T10:59:35.000Z,https://universalis.app/market/1867
5486,Shark Oil,Maelynn Favonia,6997,1,2023-07-03T11:28:11.000Z,https://universalis.app/market/5486
1871,Vintage Guisarme,Isaac Highwind,9899,1,2023-07-08T19:32:14.000Z,https://universalis.app/market/1871
9,Ice Crystal,Kozure Okami,100,1000,2023-07-24T22:56:59.000Z,https://universalis.app/market/9
1840,Crooked Guisarme,Risa Pizza,4500,1,2023-07-02T08:04:02.000Z,https://universalis.app/market/1840
1872,Hart Guisarme,Hale Hawkward,15000,1,2023-07-09T20:55:54.000Z,https://universalis.app/market/1872
1875,Giantsgall Trident,Wasseena Willwander,150,1,2023-07-08T15:57:32.000Z,https://universalis.app/market/1875
1879,Champion's Lance,Gareth Noveria,87800,1,2023-06-30T06:35:40.000Z,https://universalis.app/market/1879
5565,Bloody Lance Head,Quinton Armenta,4300,1,2023-07-07T22:08:40.000Z,https://universalis.app/market/5565
1882,Obelisk,Jett Rayne,1,1,2023-07-02T21:33:45.000Z,https://universalis.app/market/1882
5573,Obelisk Head,Azir Shuross,2900,2,2023-07-01T08:51:07.000Z,https://universalis.app/market/5573
1891,Maple Shortbow,Lapis Tigerlily,5000,1,2023-07-02T19:05:32.000Z,https://universalis.app/market/1891
5333,Hempen Yarn,Kiku Kaneuchi,500,4,2023-07-08T22:55:52.000Z,https://universalis.app/market/5333
1892,Maple Longbow,Princess Moonbow,1000,1,2023-06-29T03:30:26.000Z,https://universalis.app/market/1892
5396,Maple Branch,Luna Knightshade,15000,5,2023-07-23T17:17:40.000Z,https://universalis.app/market/5396
1893,Plumed Maple Shortbow,Miki Softpaws,300,1,2023-07-18T13:02:01.000Z,https://universalis.app/market/1893
5351,Cock Feather,Adora Trevelyan,35,29,2023-07-01T22:21:54.000Z,https://universalis.app/market/5351
1894,Wrapped Maple Longbow,Arisu Kaisuri,1215,1,2023-07-06T02:26:28.000Z,https://universalis.app/market/1894
5402,Ash Branch,Stein Forsvar,1800,5,2023-07-01T02:23:21.000Z,https://universalis.app/market/5402
1895,Ash Shortbow,Starbucks Burrito'kun,20000,1,2023-07-09T04:32:26.000Z,https://universalis.app/market/1895
1897,Elm Longbow,Garth Uthol,3000,1,2023-07-21T05:00:22.000Z,https://universalis.app/market/1897
5334,Cotton Yarn,Premium Heart,400,1,2023-07-22T01:49:37.000Z,https://universalis.app/market/5334
1899,Elm Velocity Bow,Daphne Mae,4500,1,2023-07-05T23:14:18.000Z,https://universalis.app/market/1899
1905,Wrapped Elm Longbow,Kino Reinhardt,9998,1,2023-07-19T23:34:38.000Z,https://universalis.app/market/1905
1908,Ash Composite Bow,Emma Class,4000,1,2023-06-28T01:29:35.000Z,https://universalis.app/market/1908
1915,Ash Cavalry Bow,Zaphyria Lantosi,12000,1,2023-06-28T19:21:00.000Z,https://universalis.app/market/1915
5409,Oak Branch,Sophie Cebella,600,5,2023-07-21T04:49:45.000Z,https://universalis.app/market/5409
1917,Oak Longbow,Pyper Molkot,50000,1,2023-07-17T16:48:12.000Z,https://universalis.app/market/1917
5336,Linen Yarn,Luna Duskweaver,17000,2,2023-07-02T08:19:02.000Z,https://universalis.app/market/5336
1920,Mythril Cavalry Bow,Reese Reese,20000,1,2023-07-16T21:27:57.000Z,https://universalis.app/market/1920
1925,Oak Composite Bow,C'tadhara Kettha,40000,1,2023-07-16T19:56:39.000Z,https://universalis.app/market/1925
1932,Cobalt Cavalry Bow,Kiba Xing,13998,1,2023-07-16T22:45:17.000Z,https://universalis.app/market/1932
1937,Yew Longbow,Hrist Vaelhart,39997,1,2023-07-22T14:06:12.000Z,https://universalis.app/market/1937
1941,Vintage Bow,Miana Himeko,19999,1,2023-07-08T16:26:12.000Z,https://universalis.app/market/1941
1910,Warped Bow,Toe Bean,15000,1,2023-07-10T05:21:09.000Z,https://universalis.app/market/1910
1942,Crab Bow,Xanthus Serenity,47899,1,2023-07-02T03:33:57.000Z,https://universalis.app/market/1942
5462,Red Coral,Seria Kitsugi,4000,1,2023-07-07T09:40:17.000Z,https://universalis.app/market/5462
1945,Giantsgall Longbow,Spllyn Iam,1045,1,2023-06-30T01:29:27.000Z,https://universalis.app/market/1945
7583,Mossy Stone Bow,Chenzira Duskryn,300000,1,2023-07-21T04:52:55.000Z,https://universalis.app/market/7583
1949,Longarm's Composite Bow,Persephone Faldova,96900,1,2023-07-02T01:19:48.000Z,https://universalis.app/market/1949
5568,Bloody Bow Rim,Toe Bean,7799,1,2023-07-10T05:26:59.000Z,https://universalis.app/market/5568
1953,Sarnga,Pink Rabbit,949,1,2023-07-14T14:09:37.000Z,https://universalis.app/market/1953
15,Ice Cluster,Felix Lansera,74,101,2023-07-11T22:34:15.000Z,https://universalis.app/market/15
16,Wind Cluster,Leili Kouris,555,100,2023-07-10T23:18:30.000Z,https://universalis.app/market/16
5574,Sarnga Limb,Azir Shuross,2699,1,2023-07-01T08:52:24.000Z,https://universalis.app/market/5574
1958,Maple Wand,Mirabella Mercer,10000,1,2023-06-28T20:03:14.000Z,https://universalis.app/market/1958
6,Lightning Shard,Veeara Aryxon,100,200,2023-06-28T06:27:39.000Z,https://universalis.app/market/6
7,Water Shard,Velro Tenebrae,99,50,2023-07-08T18:41:01.000Z,https://universalis.app/market/7
5470,Growth Formula Alpha,Cringe Connoisseur,650,1,2023-07-12T18:43:49.000Z,https://universalis.app/market/5470
1959,Whispering Maple Wand,Zarya Zo,10000,1,2023-07-09T16:19:53.000Z,https://universalis.app/market/1959
1960,Budding Maple Wand,Mystique Tia,1001,1,2023-06-30T02:15:37.000Z,https://universalis.app/market/1960
5492,Beastkin Blood,Dawid Ra,50,73,2023-07-01T01:06:02.000Z,https://universalis.app/market/5492
1961,Ash Wand,Zarya Zo,5000,1,2023-07-16T14:54:01.000Z,https://universalis.app/market/1961
5471,Growth Formula Beta,Eldon Hilltop,3999,1,2023-07-24T00:52:41.000Z,https://universalis.app/market/5471
1963,Budding Ash Wand,Zarya Zo,10000,1,2023-07-18T03:04:11.000Z,https://universalis.app/market/1963
1965,Whispering Ash Wand,Arbor Ataraxia,6999,1,2023-07-15T16:09:58.000Z,https://universalis.app/market/1965
5493,Scalekin Blood,Genbu Ushikai,1000,5,2023-07-15T00:54:17.000Z,https://universalis.app/market/5493
1967,Yew Wand,Sage Copper,27,1,2023-07-13T02:03:01.000Z,https://universalis.app/market/1967
1969,Budding Yew Wand,A'marelle Khai,30000,1,2023-07-07T09:39:21.000Z,https://universalis.app/market/1969
1971,Budding Oak Wand,Amaya Iriq,20000,1,2023-06-28T02:56:44.000Z,https://universalis.app/market/1971
4603,Hi-Potion of Mind,Arbor Ataraxia,750,30,2023-07-19T02:23:48.000Z,https://universalis.app/market/4603
1974,Wand of Frost,Amelia Ponz,20000,1,2023-07-21T02:26:27.000Z,https://universalis.app/market/1974
5199,Eye of Ice,Fortuna Gia,11,1,2023-07-11T19:28:44.000Z,https://universalis.app/market/5199
5472,Growth Formula Gamma,Ziana Sue,100000,4,2023-07-07T10:19:36.000Z,https://universalis.app/market/5472
1976,Wand of Tremors,Amaya Iriq,40000,1,2023-06-29T21:05:00.000Z,https://universalis.app/market/1976
5201,Eye of Earth,Vind Gnyr,50,2,2023-07-19T04:53:45.000Z,https://universalis.app/market/5201
1978,Wand of Tides,Asher Siridean,17000,1,2023-07-01T16:31:00.000Z,https://universalis.app/market/1978
5203,Eye of Water,Xen Serenitas,26,2,2023-07-08T03:52:37.000Z,https://universalis.app/market/5203
1981,Wand of Flames,Dino Punch-kick,1500,1,2023-07-02T03:05:46.000Z,https://universalis.app/market/1981
5198,Eye of Fire,Azathiel Claywork,2000,1,2023-07-10T13:16:23.000Z,https://universalis.app/market/5198
1983,Wand of Gales,Tenebri Shadowlight,7999,1,2023-07-11T06:39:16.000Z,https://universalis.app/market/1983
5200,Eye of Wind,Vin Valentine,90,1,2023-07-25T01:35:47.000Z,https://universalis.app/market/5200
5202,Eye of Lightning,Risa Pizza,200,1,2023-07-08T01:03:29.000Z,https://universalis.app/market/5202
1987,Budding Rosewood Wand,Sahzsha Bloodmourn,60000,1,2023-07-13T22:37:54.000Z,https://universalis.app/market/1987
4608,Mega-Potion of Mind,Rois Dewinter,9000,1,2023-07-09T19:05:24.000Z,https://universalis.app/market/4608
5494,Spoken Blood,Trevor Kittensky,1875,3,2023-06-28T03:27:19.000Z,https://universalis.app/market/5494
1996,Maple Cane,Starbucks Burrito'kun,15975,1,2023-07-09T03:51:14.000Z,https://universalis.app/market/1996
1997,Maple Crook,Lapis Tigerlily,7000,1,2023-07-20T21:34:26.000Z,https://universalis.app/market/1997
1998,Ash Radical,Ladislas Braddock,29000,1,2023-07-14T03:18:45.000Z,https://universalis.app/market/1998
2000,Elm Cane,Mirabella Mercer,5500,1,2023-06-30T23:30:22.000Z,https://universalis.app/market/2000
2002,Elm Crook,Bocchizilla Kadar,900,1,2023-07-24T03:50:32.000Z,https://universalis.app/market/2002
2004,Yew Radical,Mirabella Mercer,4999,1,2023-07-04T20:08:01.000Z,https://universalis.app/market/2004
2010,Pastoral Yew Cane,Nerina Norovir,1499,1,2023-07-11T02:24:43.000Z,https://universalis.app/market/2010
2011,Yew Crook,Aria Castellan,5000,1,2023-06-28T15:33:31.000Z,https://universalis.app/market/2011
2015,Walnut Cane,L'kessa Onista,29999,1,2023-07-03T03:42:02.000Z,https://universalis.app/market/2015
2021,Plumed Yew Crook,C'tadhara Kettha,10000,1,2023-07-02T16:19:40.000Z,https://universalis.app/market/2021
2023,Oak Radical,Daphne Mae,12000,1,2023-07-24T16:37:10.000Z,https://universalis.app/market/2023
2026,Pastoral Oak Cane,Nerina Norovir,30000,1,2023-07-09T17:50:33.000Z,https://universalis.app/market/2026
2030,Sprouting Rosewood Radical,Mal Ornedwesfv,19999,1,2023-07-01T21:54:55.000Z,https://universalis.app/market/2030
2039,Jade Crook,Zwo Null,39999,1,2023-06-30T08:45:31.000Z,https://universalis.app/market/2039
2041,Vintage Cane,Elandur Aerendil,15000,1,2023-07-08T06:46:04.000Z,https://universalis.app/market/2041
2044,Pastoral Mahogany Cane,Kael Varlineau,5000,1,2023-07-07T20:11:17.000Z,https://universalis.app/market/2044
5335,Dew Thread,Alina Drajeel,1700,43,2023-06-30T18:38:27.000Z,https://universalis.app/market/5335
2047,Tane Mahuta,Hazel Owsla,46500,1,2023-07-03T20:01:09.000Z,https://universalis.app/market/2047
5555,Ochu Vine,Collector Togami,2901,4,2023-07-02T19:39:27.000Z,https://universalis.app/market/5555
2048,Giantsgall Cane,Sanctus Domina,2000,1,2023-07-24T03:07:54.000Z,https://universalis.app/market/2048
2049,Madman's Whispering Rod,Greenie Vert,99900,1,2023-06-30T05:24:43.000Z,https://universalis.app/market/2049
12,Lightning Crystal,Aliiza Duskryn,60001,15,2023-07-14T05:23:06.000Z,https://universalis.app/market/12
13,Water Crystal,Sterling Sartre,224,101,2023-07-09T16:20:20.000Z,https://universalis.app/market/13
5473,Growth Formula Delta,Rowan Forrester,5555,1,2023-07-02T20:49:32.000Z,https://universalis.app/market/5473
5537,Thavnairian Mistletoe,Goopy Butter,1000,18,2023-07-18T02:05:52.000Z,https://universalis.app/market/5537
5547,Vampire Plant,Ms Eldari,190,11,2023-07-17T21:07:07.000Z,https://universalis.app/market/5547
2051,Alkalurops,Apex Animosity,500,1,2023-07-21T15:32:38.000Z,https://universalis.app/market/2051
5575,Suspended Trillium Flower,Didrianna Winterset,1790,1,2023-07-11T02:19:55.000Z,https://universalis.app/market/5575
2056,Bone Brand,Death Trap,5000,1,2023-07-06T01:37:14.000Z,https://universalis.app/market/2056
5197,Marbled Eye,Nalan Ghaul,470,2,2023-07-20T04:43:18.000Z,https://universalis.app/market/5197
2057,Copper Scepter,Monka Yesss,2000,1,2023-07-17T06:16:43.000Z,https://universalis.app/market/2057
5062,Copper Ingot,Kaya Runway,98,1,2023-07-15T20:33:39.000Z,https://universalis.app/market/5062
2058,Bronze Scepter,Vuli Livu,990,1,2023-07-08T16:52:42.000Z,https://universalis.app/market/2058
2059,Brass Cudgel,Dino Punch-kick,2500,1,2023-07-02T14:44:39.000Z,https://universalis.app/market/2059
2061,Decorated Copper Scepter,Adora Trevelyan,5000,1,2023-06-29T05:28:42.000Z,https://universalis.app/market/2061
5258,Ragstone Whetstone,Lyra Duleau,125,99,2023-07-08T05:58:47.000Z,https://universalis.app/market/5258
2063,Wind Brand,Adora Trevelyan,2500,1,2023-06-29T21:06:43.000Z,https://universalis.app/market/2063
2066,Ice Brand,Dino Punch-kick,4500,1,2023-07-05T16:32:50.000Z,https://universalis.app/market/2066
2069,Silver Scepter,Monka Yesss,4000,1,2023-07-17T16:13:46.000Z,https://universalis.app/market/2069
5527,Brimstone,Paranormal Dro,800,3,2023-07-16T05:05:38.000Z,https://universalis.app/market/5527
2071,Earth Brand,Penguin Tree,28999,1,2023-07-14T22:33:14.000Z,https://universalis.app/market/2071
2076,Decorated Silver Scepter,Koh Moshan,999,1,2023-06-29T06:34:24.000Z,https://universalis.app/market/2076
2078,Fire Brand,Arbor Ataraxia,30000,1,2023-07-10T23:07:17.000Z,https://universalis.app/market/2078
2083,Lightning Brand,Arisu Kaisuri,5999,1,2023-07-04T18:36:07.000Z,https://universalis.app/market/2083
2088,Electrum Scepter,Xanfair Saberfang,19994,1,2023-07-20T09:11:15.000Z,https://universalis.app/market/2088
5489,Quicksilver,Adisa Pawstrum,1000,12,2023-07-06T03:19:35.000Z,https://universalis.app/market/5489
2093,Vintage Cudgel,Neredia Zelpher,20000,1,2023-07-17T02:36:04.000Z,https://universalis.app/market/2093
5092,Iron Rivets,Ravin Taimat,2500,10,2023-07-13T04:46:22.000Z,https://universalis.app/market/5092
2094,Water Brand,Faul'st Helio,27000,1,2023-07-15T02:00:12.000Z,https://universalis.app/market/2094
2097,Jade Scepter,Scirocco Oro,7898,1,2023-07-16T23:56:26.000Z,https://universalis.app/market/2097
5168,Jade,Winter Vermillion,499,9,2023-07-02T14:23:59.000Z,https://universalis.app/market/5168
5439,Ogre Horn,Bella Zae,198,36,2023-07-11T23:55:22.000Z,https://universalis.app/market/5439
2102,Sanguine Scepter,Vamod Flax,99900,1,2023-07-03T15:08:31.000Z,https://universalis.app/market/2102
5206,Pinprick Pebble,Ami Hirano,20,1,2023-07-02T04:34:51.000Z,https://universalis.app/market/5206
2106,Bone Staff,Hades Forester,2999,1,2023-07-17T16:37:00.000Z,https://universalis.app/market/2106
2107,Ramhorn Staff,Swagmaster Janet,3000,1,2023-07-01T04:21:23.000Z,https://universalis.app/market/2107
2108,Decorated Bone Staff,Daphne Mae,10000,1,2023-07-20T23:17:03.000Z,https://universalis.app/market/2108
5442,Bat Fang,Kyoki Amaru,275,4,2023-07-25T01:52:06.000Z,https://universalis.app/market/5442
2109,Toothed Ramhorn Staff,Marleena Vox,2500,1,2023-07-09T20:49:57.000Z,https://universalis.app/market/2109
2111,Staghorn Staff,Casimir Maimhov,20000,1,2023-06-29T06:50:05.000Z,https://universalis.app/market/2111
2116,Sanguine Horn Staff,Jenova's Witnes,2000,1,2023-07-18T23:59:13.000Z,https://universalis.app/market/2116
2118,Toothed Staghorn Staff,Fishtara Moonsong,700,1,2023-07-11T02:12:26.000Z,https://universalis.app/market/2118
2121,Goathorn Staff,Vanilla Mochi,3000,1,2023-07-05T02:03:10.000Z,https://universalis.app/market/2121
2123,Toothed Goathorn Staff,Kino Reinhardt,14500,1,2023-07-05T21:57:28.000Z,https://universalis.app/market/2123
2125,Horn Staff,Aemlus Karlc,78000,1,2023-07-16T07:52:57.000Z,https://universalis.app/market/2125
2130,Black Horn Staff,Zarya Zo,10000,1,2023-07-07T19:27:33.000Z,https://universalis.app/market/2130
2133,Ivory Staff,Arbor Ataraxia,24999,1,2023-07-19T23:45:25.000Z,https://universalis.app/market/2133
2136,Giantsgall Longstaff,Reaves Thereaper,200,1,2023-06-29T00:38:04.000Z,https://universalis.app/market/2136
2139,Astrolabe,Garion Riley,2998,1,2023-07-11T14:34:46.000Z,https://universalis.app/market/2139
5576,Astrolabe Clinometer,Carra Halkhad,2500,2,2023-07-07T18:15:15.000Z,https://universalis.app/market/5576
2143,Leather Grimoire,Emih Mhezzo,15000,1,2023-07-01T11:10:00.000Z,https://universalis.app/market/2143
5380,Maple Log,Alina Drajeel,400,99,2023-07-02T20:25:09.000Z,https://universalis.app/market/5380
5475,Enchanted Copper Ink,Pluvia Djt-setlas,1000,2,2023-07-21T18:59:40.000Z,https://universalis.app/market/5475
2144,Maple Picatrix,Cale Henituse,10000,1,2023-07-18T22:24:23.000Z,https://universalis.app/market/2144
2145,Engraved Leather Grimoire,Daphne Mae,15000,1,2023-07-11T23:47:36.000Z,https://universalis.app/market/2145
5383,Ash Log,Jace Caliburn,399,99,2023-07-01T21:58:43.000Z,https://universalis.app/market/5383
2146,Ash Picatrix,Bibimbap Yoli,9999,1,2023-07-24T22:50:44.000Z,https://universalis.app/market/2146
2147,Hard Leather Grimoire,Meteor Selch,40000,1,2023-07-22T08:50:46.000Z,https://universalis.app/market/2147
5385,Elm Log,Frost Knight,1000,10,2023-07-19T11:36:54.000Z,https://universalis.app/market/5385
5476,Enchanted Iron Ink,Shinobi Dm,138,2,2023-07-22T13:31:02.000Z,https://universalis.app/market/5476
2149,Engraved Hard Leather Grimoire,Arbor Ataraxia,25000,1,2023-07-10T02:19:37.000Z,https://universalis.app/market/2149
5386,Yew Log,Riku Sarashiki,430,99,2023-06-28T06:13:17.000Z,https://universalis.app/market/5386
2151,Yew Picatrix,Ularl Faladorin,10000,1,2023-07-09T08:43:30.000Z,https://universalis.app/market/2151
2156,Goatskin Grimoire,Lord Zedd,8001,1,2023-07-23T12:59:30.000Z,https://universalis.app/market/2156
5477,Enchanted Silver Ink,Bethov Thy,7500,1,2023-07-08T00:38:58.000Z,https://universalis.app/market/5477
2160,Engraved Goatskin Grimoire,Quadrine Terrace,20000,1,2023-06-28T01:08:11.000Z,https://universalis.app/market/2160
5388,Walnut Log,Naomi Kusakari,1000,1,2023-07-07T22:13:58.000Z,https://universalis.app/market/5388
2166,Book of Silver,Arbor Ataraxia,11000,1,2023-07-19T23:46:12.000Z,https://universalis.app/market/2166
5390,Oak Log,Rhayne Faol,800,25,2023-06-28T02:36:48.000Z,https://universalis.app/market/5390
2169,Embossed Book of Silver,Shiro Onigiri,5000,1,2023-07-01T09:46:39.000Z,https://universalis.app/market/2169
2174,Book of Mythril,Chastity Cage,37750,1,2023-06-29T00:27:51.000Z,https://universalis.app/market/2174
5346,Flax,Eun Eryuell,500,7,2023-07-01T09:13:31.000Z,https://universalis.app/market/5346
5478,Enchanted Mythril Ink,Annikah Hansen,1895,2,2023-07-03T20:20:35.000Z,https://universalis.app/market/5478
2184,Vintage Picatrix,Ryder Skia,14999,1,2023-06-29T23:50:06.000Z,https://universalis.app/market/2184
2158,Brittle Picatrix,Risa Pizza,4000,1,2023-07-08T00:18:33.000Z,https://universalis.app/market/2158
2185,Book of Electrum,Panda Zeronos,3600,1,2023-07-16T00:45:46.000Z,https://universalis.app/market/2185
5337,Woolen Yarn,Ubito Tabito,3890,4,2023-07-01T14:13:56.000Z,https://universalis.app/market/5337
5393,Rosewood Log,Rehvy Laguhn,450,16,2023-07-06T04:00:10.000Z,https://universalis.app/market/5393
5479,Enchanted Electrum Ink,Crixus Gallic,135,2,2023-07-10T22:53:56.000Z,https://universalis.app/market/5479
2189,Embossed Book of Electrum,Feelgood Winhouse,20104,1,2023-07-22T21:18:04.000Z,https://universalis.app/market/2189
2193,Cantamina Thavnaria,Thairynn Stirling,1665,1,2023-07-09T05:47:14.000Z,https://universalis.app/market/2193
5481,Enchanted Rose Gold Ink,Methis Rend,1000,3,2023-07-02T21:31:26.000Z,https://universalis.app/market/5481
7586,Weathered Tome,Efima Teornin,40,1,2023-06-29T00:51:16.000Z,https://universalis.app/market/7586
2194,Medica Thavnaria,Wei Wuxian',3163,1,2023-06-30T01:27:24.000Z,https://universalis.app/market/2194
2201,Erudite's Picatrix of Healing,Nhugoh Yhusae,74600,1,2023-07-10T18:27:35.000Z,https://universalis.app/market/2201
5480,Enchanted Gold Ink,Zau Vindah,1000,1,2023-07-09T03:36:24.000Z,https://universalis.app/market/5480
5569,Bloody Grimoire Binding,Epirlin Yorigami,2525,1,2023-07-14T10:45:49.000Z,https://universalis.app/market/5569
2202,Erudite's Picatrix of Casting,Alexander Hawkstorm,99900,1,2023-07-07T04:55:05.000Z,https://universalis.app/market/2202
2211,Deus Ex Verbis,Vyke Vaerfyr,800,1,2023-07-13T16:24:09.000Z,https://universalis.app/market/2211
5338,Silk Thread,Sefi Asta,5000,1,2023-07-06T05:10:05.000Z,https://universalis.app/market/5338
2219,Square Maple Shield,Helinda Wynter,4900,1,2023-07-13T01:22:02.000Z,https://universalis.app/market/2219
5091,Bronze Rivets,Bitter Funk,390,61,2023-07-16T23:36:27.000Z,https://universalis.app/market/5091
12524,Titanium Nugget,Kieran Corvinus,6000,10,2023-06-30T18:30:47.000Z,https://universalis.app/market/12524
12529,Titanium Rivets,Alise Ku-yunaris,14006,1,2023-07-04T15:36:11.000Z,https://universalis.app/market/12529
12658,Dusk Leather,Knomis Rothchilde,440000,1,2023-07-16T03:46:29.000Z,https://universalis.app/market/12658
2226,Bronze Hoplon,Adora Trevelyan,10000,1,2023-07-01T22:20:23.000Z,https://universalis.app/market/2226
5071,Bronze Plate,Marleena Vox,400,47,2023-07-23T05:17:45.000Z,https://universalis.app/market/5071
2228,Round Shield,R'akto Tia,4999,1,2023-07-16T02:00:38.000Z,https://universalis.app/market/2228
2229,Leather Targe,Ayla Alderuth,10000,1,2023-07-01T01:35:25.000Z,https://universalis.app/market/2229
2230,Bronze Scutum,Adora Trevelyan,599,1,2023-07-06T00:15:32.000Z,https://universalis.app/market/2230
2231,Bronze Buckler,Zeara Bellville,15000,1,2023-07-15T00:43:35.000Z,https://universalis.app/market/2231
2233,Square Ash Shield,Krusos Aureus,100000000,1,2023-07-03T11:21:52.000Z,https://universalis.app/market/2233
2236,Iron Hoplon,Aro Ru,39980,1,2023-07-02T16:25:38.000Z,https://universalis.app/market/2236
2238,Vintage Square Shield,Arisu Kaisuri,15000,1,2023-07-04T18:37:50.000Z,https://universalis.app/market/2238
2224,Worm-eaten Square Shield,Delta'li Twiffal,1000,1,2023-07-14T07:52:03.000Z,https://universalis.app/market/2224
4859,Cider Vinegar,Keaira Slater,50,2,2023-07-16T01:47:57.000Z,https://universalis.app/market/4859
2239,Ironclad Bronze Buckler,Aramis Pwnzerdragon,7888,1,2023-07-07T15:34:54.000Z,https://universalis.app/market/2239
2241,Iron Lantern Shield,Xali Durnah,5000,1,2023-07-22T12:55:42.000Z,https://universalis.app/market/2241
5998,Tallow Candle,Istauri Whisperwind,1000,5,2023-07-01T16:28:37.000Z,https://universalis.app/market/5998
2242,Iron Scutum,Esmeralda Akarui,90,1,2023-07-22T23:30:00.000Z,https://universalis.app/market/2242
2244,Vintage Hoplon,Chef Boiardi,989,1,2023-07-01T01:49:09.000Z,https://universalis.app/market/2244
2246,Viper-crested Round Shield,Prince Popoto,1500,1,2023-06-29T14:02:29.000Z,https://universalis.app/market/2246
2248,Iron Kite Shield,Elizabeth Sapphire,15000,1,2023-06-29T11:24:34.000Z,https://universalis.app/market/2248
2250,Goatskin Targe,Zora Kurosagi,5000,1,2023-07-07T21:56:19.000Z,https://universalis.app/market/2250
5093,Steel Rivets,Pika Xanse,3500,1,2023-07-10T15:57:50.000Z,https://universalis.app/market/5093
2257,Bull Hoplon,Kino Reinhardt,4000,1,2023-06-30T17:25:27.000Z,https://universalis.app/market/2257
2260,Decorated Buckler,Delta'li Twiffal,23999,1,2023-07-14T07:52:08.000Z,https://universalis.app/market/2260
2262,Decorated Iron Scutum,Eric Boranez,4000,1,2023-06-28T05:47:02.000Z,https://universalis.app/market/2262
2264,Vintage Buckler,Helena Eda,6399,1,2023-07-10T20:41:24.000Z,https://universalis.app/market/2264
2268,Bladed Lantern Shield,Aramis Pwnzerdragon,8000,1,2023-07-01T00:50:51.000Z,https://universalis.app/market/2268
2270,Raptorskin Targe,Yoshi Peanutbutter,39989,1,2023-07-24T01:06:34.000Z,https://universalis.app/market/2270
5099,Mythril Rivets,Adisa Pawstrum,11979,1,2023-07-08T01:53:32.000Z,https://universalis.app/market/5099
2278,Vintage Scutum,Mal Ornedwesfv,7900,1,2023-07-04T07:35:06.000Z,https://universalis.app/market/2278
2279,Cobalt Scutum,Serv Swiftbrook,3000,1,2023-07-06T04:19:52.000Z,https://universalis.app/market/2279
5094,Cobalt Rivets,Argen Veltterrage,5000,1,2023-07-21T01:07:29.000Z,https://universalis.app/market/5094
2287,Eagle-crested Round Shield,G' Koda,10000,1,2023-07-09T21:04:45.000Z,https://universalis.app/market/2287
2289,Vintage Round Shield,Sybil Amarya,7000,1,2023-07-08T05:55:23.000Z,https://universalis.app/market/2289
2237,Rotting Round Shield,Toe Bean,9999,1,2023-07-10T05:13:34.000Z,https://universalis.app/market/2237
5228,Ragstone,Dino Punch-kick,300,2,2023-07-09T16:19:22.000Z,https://universalis.app/market/5228
5517,Lanolin,Debroye Paharo,150,30,2023-07-23T14:09:41.000Z,https://universalis.app/market/5517
2294,Kite Shield,Dream Apples,7500,1,2023-07-05T22:44:26.000Z,https://universalis.app/market/2294
2296,Cobalt Bladed Lantern Shield,Timothy Alsandair,19500,1,2023-07-03T21:36:48.000Z,https://universalis.app/market/2296
2298,Oxblood Targe,Nynx Aquaria,45000,1,2023-06-29T20:37:49.000Z,https://universalis.app/market/2298
2300,Vintage Kite Shield,Hazak Maguzak,19999,1,2023-07-03T15:54:58.000Z,https://universalis.app/market/2300
2259,Scarred Kite Shield,Latriel Nodelkir,5000,1,2023-07-04T12:21:56.000Z,https://universalis.app/market/2259
2302,Darksteel Scutum,Cobio Xander,2899,1,2023-07-04T00:02:06.000Z,https://universalis.app/market/2302
5060,Darksteel Ingot,Dante Osaka,12004,6,2023-07-14T20:36:24.000Z,https://universalis.app/market/5060
5095,Darksteel Rivets,Sora Faye,5000,20,2023-07-10T02:10:06.000Z,https://universalis.app/market/5095
2303,Darksteel Buckler,Sol Deluna,3692,1,2023-07-21T00:36:32.000Z,https://universalis.app/market/2303
2304,Spruce Round Shield,Airy Meliora,2000,1,2023-07-17T01:17:18.000Z,https://universalis.app/market/2304
5379,Treated Spruce Lumber,Bun Tho-nuong,15000,1,2023-06-28T20:56:30.000Z,https://universalis.app/market/5379
2315,Bronze Saw,Meteor Selch,19999,1,2023-07-20T22:04:26.000Z,https://universalis.app/market/2315
2316,Amateur's Saw,Winnie Winston,6000,1,2023-06-29T13:00:12.000Z,https://universalis.app/market/2316
2318,Initiate's Saw,Star Pelzig,5000,1,2023-07-11T18:30:26.000Z,https://universalis.app/market/2318
2319,Bas-relief Iron Saw,Arbor Ataraxia,900,1,2023-07-05T23:38:40.000Z,https://universalis.app/market/2319
2320,Iron Chocobotail Saw,Becca Kurgane,5041,1,2023-07-03T04:11:56.000Z,https://universalis.app/market/2320
2321,Bas-relief Steel Saw,Zaia Serafall,40000,1,2023-07-13T10:46:54.000Z,https://universalis.app/market/2321
2322,Crosscut Saw,Mitsuki Hanasaki,56,1,2023-07-16T07:23:38.000Z,https://universalis.app/market/2322
2323,Mythril Saw,Ubito Tabito,12000,1,2023-07-01T01:36:48.000Z,https://universalis.app/market/2323
2324,Mythril Chocobotail Saw,Faul'st Helio,1000,1,2023-07-16T20:31:43.000Z,https://universalis.app/market/2324
2325,Bas-relief Cobalt Saw,Robin Fates,49999,1,2023-07-15T14:25:09.000Z,https://universalis.app/market/2325
2328,Amateur's Claw Hammer,Ish't Ara'ara,1995,1,2023-07-11T13:03:19.000Z,https://universalis.app/market/2328
2329,Bronze Claw Hammer,Winnie Winston,5000,1,2023-06-29T13:00:27.000Z,https://universalis.app/market/2329
5483,Jellyfish Humours,Dino Punch-kick,599,3,2023-07-09T16:21:02.000Z,https://universalis.app/market/5483
2332,Initiate's Claw Hammer,Becca Kurgane,3029,1,2023-07-03T04:13:14.000Z,https://universalis.app/market/2332
2334,Steel Claw Hammer,Lune Marpierre,9999,1,2023-07-10T21:34:58.000Z,https://universalis.app/market/2334
2335,Wrapped Steel Claw Hammer,Masha Sochz,19999,1,2023-07-09T18:04:40.000Z,https://universalis.app/market/2335
5485,Linseed Oil,Alise Ku-yunaris,3500,1,2023-07-04T14:47:14.000Z,https://universalis.app/market/5485
2337,Mythril Claw Hammer,Anaxa Vel'tre,15000,1,2023-06-29T06:22:50.000Z,https://universalis.app/market/2337
2338,Cobalt Claw Hammer,Dante Dovahkiin,35000,1,2023-07-04T06:09:25.000Z,https://universalis.app/market/2338
2339,Militia Claw Hammer,Lore-accurate Name,24999,1,2023-07-20T14:42:47.000Z,https://universalis.app/market/2339
2341,Bronze Cross-pein Hammer,Java Developer,1500,1,2023-07-19T11:01:43.000Z,https://universalis.app/market/2341
2342,Amateur's Cross-pein Hammer,Yugi Momo,1850,1,2023-07-06T01:40:55.000Z,https://universalis.app/market/2342
2343,Birdsbeak Hammer,Arbor Ataraxia,5000,1,2023-07-01T16:07:42.000Z,https://universalis.app/market/2343
5325,Undyed Cotton Cloth,Bahazen Myirka,1499,99,2023-07-24T06:42:48.000Z,https://universalis.app/market/5325
2344,Iron Cross-pein Hammer,Yuki-onna Raen,3500,1,2023-07-11T20:08:34.000Z,https://universalis.app/market/2344
2345,Initiate's Cross-pein Hammer,Ubito Tabito,9200,1,2023-06-29T12:10:46.000Z,https://universalis.app/market/2345
2346,Crowsbeak Hammer,Faul'st Helio,25000,1,2023-07-15T01:59:29.000Z,https://universalis.app/market/2346
2347,Heavy Crowsbeak Hammer,Omega Body,2060,1,2023-06-30T22:57:20.000Z,https://universalis.app/market/2347
5326,Undyed Velveteen,Myth Zero,3496,2,2023-07-25T03:36:35.000Z,https://universalis.app/market/5326
2349,Steel Crowsbeak Hammer,Mystique Tia,20000,1,2023-07-21T16:41:57.000Z,https://universalis.app/market/2349
2350,Wrapped Crowsbeak Hammer,Tyler Fouz'r,38999,1,2023-07-23T09:53:53.000Z,https://universalis.app/market/2350
2351,Cobalt Cross-pein Hammer,Zaia Serafall,300,1,2023-07-13T10:49:54.000Z,https://universalis.app/market/2351
2352,Wrapped Hawksbeak Hammer,Krazed Shadow,30000,1,2023-07-07T07:39:43.000Z,https://universalis.app/market/2352
2355,Amateur's File,Hinoka Daisuke,705,1,2023-06-30T10:57:42.000Z,https://universalis.app/market/2355
2356,Bronze File,Aelia Wakely,1007,1,2023-07-02T14:38:37.000Z,https://universalis.app/market/2356
2358,Iron File,Omega Body,9500,1,2023-06-28T06:26:02.000Z,https://universalis.app/market/2358
2359,Initiate's File,Omega Body,3000,1,2023-06-30T22:57:27.000Z,https://universalis.app/market/2359
2361,Steel File,Kyoki Amaru,20744,1,2023-07-11T01:43:06.000Z,https://universalis.app/market/2361
2363,Mythril File,Liliana Kranjcar,14999,1,2023-07-04T16:16:51.000Z,https://universalis.app/market/2363
2364,Cobalt File,Kaya Runway,70097,1,2023-07-17T00:36:06.000Z,https://universalis.app/market/2364
2365,Militia File,Syndriux Noir,60000,1,2023-06-30T06:16:20.000Z,https://universalis.app/market/2365
2367,Bronze Doming Hammer,Rue Bix-kyoob,498,1,2023-07-05T08:43:14.000Z,https://universalis.app/market/2367
2368,Amateur's Doming Hammer,Daphne Mae,100,1,2023-07-10T00:15:58.000Z,https://universalis.app/market/2368
2369,Bronze Raising Hammer,Ahsook Dailow,2000,1,2023-07-10T08:11:53.000Z,https://universalis.app/market/2369
2370,Iron Doming Hammer,Lira Reddsteele,9999,1,2023-07-16T16:59:05.000Z,https://universalis.app/market/2370
2372,Iron Raising Hammer,Krazed Shadow,126,1,2023-07-10T06:48:33.000Z,https://universalis.app/market/2372
2373,Wrapped Iron Raising Hammer,Uta Hime,900,1,2023-07-22T23:04:14.000Z,https://universalis.app/market/2373
2374,Steel Doming Hammer,Orgoth Malus,8000,1,2023-07-14T20:36:12.000Z,https://universalis.app/market/2374
2375,Steel Raising Hammer,Trisana Nightborne,24999,1,2023-07-15T20:42:03.000Z,https://universalis.app/market/2375
2376,Cobalt Doming Hammer,Aria Castellan,7000,1,2023-07-02T00:44:53.000Z,https://universalis.app/market/2376
2377,Cobalt Raising Hammer,Zeara Bellville,31998,1,2023-07-15T00:43:22.000Z,https://universalis.app/market/2377
2380,Amateur's Pliers,Reamus Dracht,1200,1,2023-07-21T20:13:24.000Z,https://universalis.app/market/2380
2381,Bronze Pliers,Zaia Serafall,3009,1,2023-07-13T10:53:12.000Z,https://universalis.app/market/2381
2384,Initiate's Pliers,Adora Trevelyan,4999,1,2023-07-01T22:20:11.000Z,https://universalis.app/market/2384
2386,Steel Pliers,Adora Trevelyan,29999,1,2023-07-06T00:14:39.000Z,https://universalis.app/market/2386
2388,Mythril Pliers,Setric Madrarua,17092,1,2023-07-05T01:08:32.000Z,https://universalis.app/market/2388
2389,Cobalt Pliers,Kaya Runway,35000,1,2023-07-17T00:31:47.000Z,https://universalis.app/market/2389
2390,Militia Pliers,Krazed Shadow,30000,1,2023-07-14T06:31:23.000Z,https://universalis.app/market/2390
2392,Bronze Chaser Hammer,Kariet Vox,705,1,2023-07-02T20:52:05.000Z,https://universalis.app/market/2392
2393,Amateur's Chaser Hammer,Winnie Winston,200,1,2023-06-29T13:12:44.000Z,https://universalis.app/market/2393
2395,Iron Chaser Hammer,Lyra Duleau,10000,1,2023-07-08T06:20:18.000Z,https://universalis.app/market/2395
2397,Iron Ornamental Hammer,Krazed Shadow,30000,1,2023-07-15T09:44:46.000Z,https://universalis.app/market/2397
2398,Steel Chaser Hammer,Travesty Rivia,5000,1,2023-07-21T23:57:13.000Z,https://universalis.app/market/2398
2399,Steel Ornamental Hammer,Krissy Creighton,1300,1,2023-07-11T01:19:54.000Z,https://universalis.app/market/2399
2400,Mythril Ornamental Hammer,Nalo Drakenfell,5000,1,2023-07-10T01:53:00.000Z,https://universalis.app/market/2400
2401,Mythril Lapidary Hammer,Krazed Shadow,475,1,2023-07-15T11:11:51.000Z,https://universalis.app/market/2401
2402,Electrum Lapidary Hammer,Rhiki Hi-fi,35000,1,2023-06-30T00:34:35.000Z,https://universalis.app/market/2402
5183,Tourmaline,Kieran Corvinus,290,2,2023-07-12T17:48:59.000Z,https://universalis.app/market/5183
2405,Amateur's Grinding Wheel,Nerina Norovir,54,1,2023-07-06T02:02:58.000Z,https://universalis.app/market/2405
2406,Ragstone Grinding Wheel,Winnie Winston,2400,1,2023-06-29T13:12:49.000Z,https://universalis.app/market/2406
2408,Mudstone Grinding Wheel,Lyra Duleau,20000,1,2023-07-08T06:20:20.000Z,https://universalis.app/market/2408
5229,Mudstone,Morgon Majinaur,200,10,2023-07-13T18:29:52.000Z,https://universalis.app/market/5229
2409,Initiate's Grinding Wheel,Bella Zae,850,1,2023-07-01T22:31:12.000Z,https://universalis.app/market/2409
2411,Siltstone Grinding Wheel,Reibo Malbo,12500,1,2023-07-02T03:48:10.000Z,https://universalis.app/market/2411
5231,Siltstone,Naotoe Shirogane,400,20,2023-07-10T00:58:40.000Z,https://universalis.app/market/5231
2413,Garnet Grinding Wheel,Nameless Keeper,35000,1,2023-07-09T08:06:55.000Z,https://universalis.app/market/2413
5134,Raw Garnet,Bella Zae,201,8,2023-06-30T22:47:28.000Z,https://universalis.app/market/5134
2414,Basilisk Grinding Wheel,T'falah Thyellas,19999,1,2023-07-05T06:50:54.000Z,https://universalis.app/market/2414
5263,Basilisk Egg,Blissful Nightmare,1000,1,2023-06-29T16:22:54.000Z,https://universalis.app/market/5263
2415,Militia Grinding Wheel,Madam Kha,29000,1,2023-07-15T15:37:11.000Z,https://universalis.app/market/2415
5158,Astral Rock,Trevor Kittensky,98,4,2023-06-28T06:25:25.000Z,https://universalis.app/market/5158
2417,Bronze Head Knife,Celosia Rilei,9890,1,2023-07-15T18:14:41.000Z,https://universalis.app/market/2417
2418,Amateur's Head Knife,Yui Kurokawa,5000,1,2023-07-13T21:24:22.000Z,https://universalis.app/market/2418
2420,Initiate's Head Knife,Lore-accurate Name,8918,1,2023-07-03T16:31:47.000Z,https://universalis.app/market/2420
2422,Iron Head Knife,Alazia Vessel,5041,1,2023-06-28T15:27:47.000Z,https://universalis.app/market/2422
2424,Steel Round Knife,Aria Castellan,14062,1,2023-07-01T03:19:18.000Z,https://universalis.app/market/2424
2426,Mythril Round Knife,Fizz Foundthorn,5000,1,2023-07-09T12:11:45.000Z,https://universalis.app/market/2426
2427,Electrum Head Knife,Xion Zero,53000,1,2023-07-17T00:09:55.000Z,https://universalis.app/market/2427
2430,Amateur's Awl,Krazed Shadow,495,1,2023-07-01T05:09:24.000Z,https://universalis.app/market/2430
2431,Bronze Awl,Winnie Winston,2999,1,2023-06-29T13:01:54.000Z,https://universalis.app/market/2431
2433,Iron Awl,Ubito Tabito,10000,1,2023-06-29T12:11:15.000Z,https://universalis.app/market/2433
2434,Initiate's Awl,Winnie Winston,5000,1,2023-07-13T17:39:47.000Z,https://universalis.app/market/2434
2436,Steel Awl,Bella Zae,29000,1,2023-06-29T23:27:12.000Z,https://universalis.app/market/2436
2437,Wrapped Steel Awl,Kaya Runway,24999,1,2023-07-16T23:51:50.000Z,https://universalis.app/market/2437
2439,Mythril Awl,Krazed Shadow,32999,1,2023-07-16T12:04:08.000Z,https://universalis.app/market/2439
2440,Cobalt Awl,Lore-accurate Name,25000,1,2023-07-10T02:17:09.000Z,https://universalis.app/market/2440
2441,Militia Awl,Parro Ellasch,110000,1,2023-07-10T04:07:53.000Z,https://universalis.app/market/2441
2443,Copper Needle,Naomi Kusakari,1001,1,2023-06-30T22:52:45.000Z,https://universalis.app/market/2443
2444,Bat Fang Needle,Ubito Tabito,4001,1,2023-06-29T12:11:26.000Z,https://universalis.app/market/2444
2445,Amateur's Needle,Akari Sara,100,1,2023-06-29T07:47:36.000Z,https://universalis.app/market/2445
2446,Brass Needle,Omega Body,8500,1,2023-06-28T06:18:31.000Z,https://universalis.app/market/2446
2447,Initiate's Needle,Bella Zae,8000,1,2023-06-29T00:34:10.000Z,https://universalis.app/market/2447
2448,Silver Needle,Omega Body,1875,1,2023-07-02T18:17:58.000Z,https://universalis.app/market/2448
2449,Worm Fang Needle,Winnie Winston,7895,1,2023-07-13T17:43:53.000Z,https://universalis.app/market/2449
5447,Sandworm Fang,Anastasia Bloodletter,500,2,2023-07-08T18:29:29.000Z,https://universalis.app/market/5447
2450,Mythril Needle,Masha Sochz,5999,1,2023-07-09T18:03:59.000Z,https://universalis.app/market/2450
2451,Wolf Fang Needle,Ubito Tabito,29999,1,2023-07-01T01:37:32.000Z,https://universalis.app/market/2451
2452,Thousand Needle,Depshedia Tyrn,1800,1,2023-07-20T22:12:47.000Z,https://universalis.app/market/2452
5468,Cactuar Needle,Celeste Nightingale,10001,3,2023-07-16T11:54:39.000Z,https://universalis.app/market/5468
2453,Electrum Needle,Katsumi Mochizuki,4444,1,2023-07-06T17:41:07.000Z,https://universalis.app/market/2453
2456,Amateur's Spinning Wheel,Squidly Inkerton,305,1,2023-07-20T00:03:04.000Z,https://universalis.app/market/2456
2457,Ash Spinning Wheel,Lilly-rose Arynn,15,1,2023-07-11T09:46:06.000Z,https://universalis.app/market/2457
2459,Initiate's Spinning Wheel,Omega Body,5000,1,2023-06-28T06:18:33.000Z,https://universalis.app/market/2459
2460,Elm Spinning Wheel,Omega Body,1999,1,2023-06-30T22:58:44.000Z,https://universalis.app/market/2460
2464,Mahogany Spinning Wheel,Tooru Granum,15000,1,2023-07-07T20:20:45.000Z,https://universalis.app/market/2464
2465,Rosewood Spinning Wheel,Orin Demera,15099,1,2023-07-05T18:57:52.000Z,https://universalis.app/market/2465
2466,Militia Spinning Wheel,Akeno Leonhart,38999,1,2023-07-20T01:56:50.000Z,https://universalis.app/market/2466
2468,Bronze Alembic,Sager Step-on-me,13500,1,2023-07-15T22:21:26.000Z,https://universalis.app/market/2468
2469,Amateur's Alembic,Saika Kawakita,4000,1,2023-07-24T02:46:50.000Z,https://universalis.app/market/2469
2470,Brass Alembic,Mystique Tia,5000,1,2023-06-30T02:14:55.000Z,https://universalis.app/market/2470
2471,Initiate's Alembic,Danny Astle,3000,1,2023-06-28T21:01:03.000Z,https://universalis.app/market/2471
2472,Iron Alembic,Dekken Blake,500,1,2023-07-20T02:29:50.000Z,https://universalis.app/market/2472
2473,Conical Alembic,Reinoheart Asylan,5500,1,2023-06-29T03:17:52.000Z,https://universalis.app/market/2473
2474,Steel Alembic,Zero Amiya,9999,1,2023-07-17T17:17:24.000Z,https://universalis.app/market/2474
2475,Silver Alembic,Dragon Seeker,5600,1,2023-07-09T15:10:05.000Z,https://universalis.app/market/2475
2476,Mythril Alembic,Kyoki Amaru,44000,1,2023-07-17T01:45:17.000Z,https://universalis.app/market/2476
2477,Electrum Alembic,Pluvia Djt-setlas,12000,1,2023-07-22T03:23:37.000Z,https://universalis.app/market/2477
2478,Thermal Alembic,Pluvia Djt-setlas,49110,1,2023-07-23T02:32:33.000Z,https://universalis.app/market/2478
2481,Amateur's Mortar,Zoh Nah,2199,1,2023-07-09T22:29:39.000Z,https://universalis.app/market/2481
2482,Bronze Mortar,Rue Bix-kyoob,5009,1,2023-07-06T22:26:35.000Z,https://universalis.app/market/2482
2484,Iron Mortar,Sidra Hyades,6900,1,2023-07-20T12:53:52.000Z,https://universalis.app/market/2484
2485,Initiate's Mortar,Kennedy Meadow,150,1,2023-07-17T12:59:13.000Z,https://universalis.app/market/2485
2487,Steel Mortar,Bella Zae,10000,1,2023-07-01T22:31:25.000Z,https://universalis.app/market/2487
2488,Heavy Steel Mortar,Lira Reddsteele,10000,1,2023-07-08T22:25:51.000Z,https://universalis.app/market/2488
2490,Mythril Mortar,Rauwrer D'tor,11999,1,2023-07-22T18:33:38.000Z,https://universalis.app/market/2490
2491,Cobalt Mortar,Adora Trevelyan,30000,1,2023-07-10T00:50:39.000Z,https://universalis.app/market/2491
2492,Militia Mortar,Jiluna Araxie,59998,1,2023-07-04T04:37:55.000Z,https://universalis.app/market/2492
2494,Bronze Skillet,Ja'ad Pahlo,5000,1,2023-07-02T08:24:23.000Z,https://universalis.app/market/2494
2495,Amateur's Skillet,Thana Knight,949,1,2023-07-21T20:06:01.000Z,https://universalis.app/market/2495
2496,Iron Skillet,Luna Kersh,2013,1,2023-06-30T11:16:39.000Z,https://universalis.app/market/2496
2497,Initiate's Skillet,Diggie Bloodmoon,39999,1,2023-07-18T03:50:57.000Z,https://universalis.app/market/2497
2498,Iron Frypan,Yuki Nonaka,2500,1,2023-06-29T22:21:55.000Z,https://universalis.app/market/2498
2499,Bomb Frypan,Zaia Serafall,1890,1,2023-07-13T11:06:00.000Z,https://universalis.app/market/2499
5528,Bomb Ash,Sylvia Quasar,1200,3,2023-07-07T11:10:28.000Z,https://universalis.app/market/5528
2500,Steel Skillet,Joe Diggs,950,1,2023-07-21T02:50:16.000Z,https://universalis.app/market/2500
2501,White Skillet,Aria Castellan,500,1,2023-07-01T02:09:06.000Z,https://universalis.app/market/2501
2502,Steel Frypan,Hakai Subete,39999,1,2023-06-28T03:19:15.000Z,https://universalis.app/market/2502
2503,Cobalt Skillet,Ceta Zara,19999,1,2023-07-08T19:35:43.000Z,https://universalis.app/market/2503
2504,Hells' Kitchen,Vonloke Rose,35000,1,2023-07-14T06:47:41.000Z,https://universalis.app/market/2504
2507,Amateur's Culinary Knife,Orusroth Crown,1000,1,2023-07-04T16:11:38.000Z,https://universalis.app/market/2507
2508,Bronze Culinary Knife,Dekken Blake,2000,1,2023-07-02T21:17:30.000Z,https://universalis.app/market/2508
2511,Initiate's Culinary Knife,Joe Diggs,15000,1,2023-07-21T02:50:48.000Z,https://universalis.app/market/2511
2513,Steel Culinary Knife,Reese Reese,22000,1,2023-07-04T16:03:52.000Z,https://universalis.app/market/2513
2514,Wrapped Steel Culinary Knife,Kanin Skogvokter,19999,1,2023-07-02T18:00:46.000Z,https://universalis.app/market/2514
2516,Mythril Culinary Knife,Marci Sunkeeper,75000,1,2023-07-16T23:49:05.000Z,https://universalis.app/market/2516
2517,Cobalt Culinary Knife,Parro Ellasch,30000,1,2023-07-09T07:02:58.000Z,https://universalis.app/market/2517
2518,Militia Culinary Knife,Sefi Asta,20000,1,2023-07-09T04:41:50.000Z,https://universalis.app/market/2518
2520,Bronze Pickaxe,Daphne Mae,2999,1,2023-07-09T15:40:07.000Z,https://universalis.app/market/2520
2521,Amateur's Pickaxe,Liokki Djt-setlas,5000,1,2023-07-19T17:08:53.000Z,https://universalis.app/market/2521
2522,Plumed Bronze Pickaxe,Exdrek Diablegris,5011,1,2023-07-01T13:09:44.000Z,https://universalis.app/market/2522
2523,Iron Pickaxe,Erden Ejinn,25000,1,2023-07-13T02:11:52.000Z,https://universalis.app/market/2523
2524,Initiate's Pickaxe,Reibo Malbo,5024,1,2023-07-02T03:35:37.000Z,https://universalis.app/market/2524
2525,Iron Dolabra,Naomi Kusakari,5000,1,2023-07-07T22:49:07.000Z,https://universalis.app/market/2525
2526,Steel Pickaxe,Xavion Qestir,19998,1,2023-07-21T20:06:37.000Z,https://universalis.app/market/2526
2527,Steel Dolabra,Kalisaya Coreale,15000,1,2023-07-03T19:52:16.000Z,https://universalis.app/market/2527
2528,Plumed Mythril Pickaxe,Adora Trevelyan,29999,1,2023-07-06T21:20:41.000Z,https://universalis.app/market/2528
5327,Undyed Linen,Shinobi Dm,6100,2,2023-07-22T13:34:20.000Z,https://universalis.app/market/5327
2529,Cobalt Dolabra,Thelanicus Revarion,27000,1,2023-06-29T15:00:02.000Z,https://universalis.app/market/2529
2530,Egret Dolabra,Meila'ari Drachanyx,60000,1,2023-07-19T04:12:41.000Z,https://universalis.app/market/2530
2534,Bronze Sledgehammer,Exdrek Diablegris,2000,1,2023-07-01T13:09:59.000Z,https://universalis.app/market/2534
2536,Initiate's Sledgehammer,Kadir Dubois,19979,1,2023-07-17T03:56:45.000Z,https://universalis.app/market/2536
2537,Iron Sledgehammer,Zero Amiya,10024,1,2023-07-04T18:35:45.000Z,https://universalis.app/market/2537
2540,Wrapped Steel Sledgehammer,Masha Zolsesi,19999,1,2023-07-10T04:36:06.000Z,https://universalis.app/market/2540
2542,Mythril Sledgehammer,Xion Zero,42000,1,2023-07-17T00:07:45.000Z,https://universalis.app/market/2542
2543,Cobalt Sledgehammer,Vamod Flax,25000,1,2023-07-05T22:32:03.000Z,https://universalis.app/market/2543
2544,Militia Sledgehammer,Stabby Squirrel,35000,1,2023-07-16T05:14:52.000Z,https://universalis.app/market/2544
2546,Bronze Hatchet,Charlie Vanliew,4000,1,2023-07-08T20:28:53.000Z,https://universalis.app/market/2546
2547,Amateur's Hatchet,Exdrek Diablegris,5000,1,2023-07-01T13:10:22.000Z,https://universalis.app/market/2547
2548,Iron Hatchet,Roo Iam,29999,1,2023-07-09T04:06:39.000Z,https://universalis.app/market/2548
2549,Initiate's Hatchet,Fizz Foundthorn,9999,1,2023-07-09T18:42:22.000Z,https://universalis.app/market/2549
2550,Brass Hatchet,Anastasias Derevo,200,1,2023-07-04T14:09:24.000Z,https://universalis.app/market/2550
2551,Plumed Iron Hatchet,Alina Kincaid,29999,1,2023-07-01T15:56:35.000Z,https://universalis.app/market/2551
5359,Chocobo Feather,Ford Tanberg,1000,20,2023-07-15T12:58:15.000Z,https://universalis.app/market/5359
2552,Steel Hatchet,Masha Zolsesi,10000,1,2023-07-13T07:10:44.000Z,https://universalis.app/market/2552
2553,Plumed Steel Hatchet,Mango Raines,5500,1,2023-07-05T05:53:18.000Z,https://universalis.app/market/2553
2554,Mythril Hatchet,Bella Zae,11899,1,2023-07-10T00:21:19.000Z,https://universalis.app/market/2554
2555,Cobalt Hatchet,Marleena Vox,20000,1,2023-07-12T23:14:32.000Z,https://universalis.app/market/2555
2556,Horned Hatchet,Marleena Vox,65000,1,2023-07-16T07:11:16.000Z,https://universalis.app/market/2556
2560,Bronze Scythe,Venar Ymir,1111,1,2023-07-15T17:34:21.000Z,https://universalis.app/market/2560
2562,Iron Scythe,Anastasias Derevo,3275,1,2023-07-07T23:19:16.000Z,https://universalis.app/market/2562
2566,Wrapped Steel Scythe,Gemiya D'cestria,10000,1,2023-06-30T02:49:17.000Z,https://universalis.app/market/2566
2568,Mythril Scythe,Delidoga Santoro,14999,1,2023-07-08T04:17:50.000Z,https://universalis.app/market/2568
2569,Cobalt Scythe,Red Jaliqai,28500,1,2023-07-06T10:01:22.000Z,https://universalis.app/market/2569
2570,Militia Scythe,Thelanicus Revarion,50000,1,2023-06-28T15:52:36.000Z,https://universalis.app/market/2570
2572,Maple Fishing Rod,Potato Plato,4000,1,2023-07-17T00:51:30.000Z,https://universalis.app/market/2572
2573,Amateur's Fishing Rod,Ish't Ara'ara,995,1,2023-07-22T12:56:40.000Z,https://universalis.app/market/2573
2574,Elm Fishing Rod,Tiera Mae,5000,1,2023-07-09T01:14:18.000Z,https://universalis.app/market/2574
2575,Initiate's Fishing Rod,Reiko Saeki,9999,1,2023-07-12T04:00:00.000Z,https://universalis.app/market/2575
2576,Yew Fishing Rod,Bella Zae,13500,1,2023-06-30T22:46:10.000Z,https://universalis.app/market/2576
2577,Staghorn Fishing Rod,Ghost Alekseeva,4995,1,2023-07-18T15:23:54.000Z,https://universalis.app/market/2577
2578,Walnut Fishing Rod,Xavion Qestir,48057,1,2023-07-23T17:52:32.000Z,https://universalis.app/market/2578
2579,Horn Fishing Rod,Elenari Drakthorn,9999,1,2023-07-14T04:39:33.000Z,https://universalis.app/market/2579
2580,Mahogany Fishing Rod,Delidoga Santoro,19500,1,2023-07-06T18:51:07.000Z,https://universalis.app/market/2580
2581,Rosewood Fishing Rod,Argon Grezz,40000,1,2023-07-01T19:34:42.000Z,https://universalis.app/market/2581
2582,Gilded Rosewood Fishing Rod,C'yedae Rhel,59000,1,2023-07-18T01:44:06.000Z,https://universalis.app/market/2582
2588,Crayfish Ball,Aphmau Irene,400,95,2023-07-07T07:04:51.000Z,https://universalis.app/market/2588
4825,Rye Flour,Tiamat Dragonhart,1700,99,2023-07-15T04:05:01.000Z,https://universalis.app/market/4825
4925,Crayfish,Baby Belle,500,99,2023-07-01T12:21:13.000Z,https://universalis.app/market/4925
2589,Goby Ball,Kayle Dawnshield,1000,10,2023-07-04T17:01:09.000Z,https://universalis.app/market/2589
4931,Dusk Goby,Ark Losstarot,60,4,2023-07-03T05:20:55.000Z,https://universalis.app/market/4931
2593,Crab Ball,Mint Nainyene,99,25,2023-07-11T23:16:40.000Z,https://universalis.app/market/2593
4880,Helmet Crab,Night Dragon,10000,16,2023-07-22T04:37:21.000Z,https://universalis.app/market/4880
2595,Bass Ball,Hedah Foulwind,30,99,2023-07-08T17:53:30.000Z,https://universalis.app/market/2595
4826,Sunset Wheat Flour,Soup Lendid,150,1,2023-07-24T04:38:25.000Z,https://universalis.app/market/4826
4959,Dark Bass,Coster Braddock,1300,3,2023-07-02T06:13:54.000Z,https://universalis.app/market/4959
2598,Herring Ball,Argon Grezz,200,29,2023-06-29T03:40:22.000Z,https://universalis.app/market/2598
4895,Indigo Herring,Syeirra Forelight,9900,3,2023-07-14T02:59:45.000Z,https://universalis.app/market/4895
2610,Chocobo Fly,Zandiki Fila,470,1,2023-07-14T03:12:38.000Z,https://universalis.app/market/2610
2611,Floating Minnow,Masha Sochz,1003,15,2023-07-07T19:27:33.000Z,https://universalis.app/market/2611
2612,Brass Spoon Lure,Risa Pizza,498,3,2023-07-03T08:02:01.000Z,https://universalis.app/market/2612
2614,Crow Fly,Ethel Amanpour,250,1,2023-07-18T02:32:41.000Z,https://universalis.app/market/2614
2615,Silver Spoon Lure,Eawyn Vandergarden,200,5,2023-07-04T20:25:42.000Z,https://universalis.app/market/2615
2616,Steel Jig,Deneve Ruuj,999,3,2023-07-05T19:18:01.000Z,https://universalis.app/market/2616
2617,Sinking Minnow,Hiyori Rin,3000,3,2023-07-06T01:01:45.000Z,https://universalis.app/market/2617
2618,Snurble Fly,Benny Buncake,5000,2,2023-07-01T05:18:23.000Z,https://universalis.app/market/2618
5349,Snurble Tufts,Rin If,10000000,1,2023-07-04T08:03:38.000Z,https://universalis.app/market/5349
2619,Heavy Steel Jig,Benny Buncake,5000,10,2023-07-08T16:42:23.000Z,https://universalis.app/market/2619
2620,Spinner,Kylonn Sanemi,3999,1,2023-06-30T19:18:08.000Z,https://universalis.app/market/2620
4900,Whitelip Oyster,Northern Lite,10000,1,2023-07-15T04:35:34.000Z,https://universalis.app/market/4900
2622,Mythril Spoon Lure,Starry Nights,400,30,2023-06-30T17:21:34.000Z,https://universalis.app/market/2622
2623,Wildfowl Fly,Violet Aria,1000,10,2023-07-13T15:13:03.000Z,https://universalis.app/market/2623
2624,Topwater Frog,Keaira Slater,3000,5,2023-06-28T01:30:49.000Z,https://universalis.app/market/2624
2625,Rainbow Spoon Lure,Argon Grezz,4000,5,2023-06-29T08:07:54.000Z,https://universalis.app/market/2625
5466,Blacklip Oyster,Crimson Grave,30000,1,2023-06-29T03:00:47.000Z,https://universalis.app/market/5466
2626,Spinnerbait,Benny Buncake,9800,3,2023-07-24T19:09:11.000Z,https://universalis.app/market/2626
5329,Undyed Felt,Alyx Jay,10000,11,2023-07-08T07:00:55.000Z,https://universalis.app/market/5329
2627,Streamer,Magna Vis,3000,5,2023-07-07T07:51:10.000Z,https://universalis.app/market/2627
2628,Yumizuno,Phase Eden,10000,4,2023-07-02T19:42:07.000Z,https://universalis.app/market/2628
2629,Hempen Coif,Dino Punch-kick,9999,1,2023-07-09T16:32:18.000Z,https://universalis.app/market/2629
2630,Hempen Coif of Gathering,Rosalee Shadowmist,500,1,2023-07-16T08:28:48.000Z,https://universalis.app/market/2630
2631,Leather Calot,Stoic Oak,38000000,1,2023-07-06T22:12:59.000Z,https://universalis.app/market/2631
12590,Ramie Cloth,Kru Ricsteel,5000,5,2023-06-29T23:34:39.000Z,https://universalis.app/market/12590
12595,Ramie Thread,Aurielle Tempest,3200,10,2023-07-18T02:05:07.000Z,https://universalis.app/market/12595
2652,Hempen Bandana,Alina Drajeel,2000,1,2023-06-30T23:19:07.000Z,https://universalis.app/market/2652
2653,Leather Eyepatch,Dis Grace,45000,1,2023-07-11T06:05:30.000Z,https://universalis.app/market/2653
2654,Hard Leather Pot Helm,Sol Deluna,5000,1,2023-07-09T00:05:29.000Z,https://universalis.app/market/2654
2655,Hempen Hat,Ichiru Kaien,3000000,1,2023-07-04T22:42:37.000Z,https://universalis.app/market/2655
2656,Bronze Chain Coif,Ashera Daetris,15000,1,2023-07-16T23:54:09.000Z,https://universalis.app/market/2656
5081,Bronze Rings,Cold Bronze,11,91,2023-07-07T04:25:59.000Z,https://universalis.app/market/5081
2658,Straw Hat,Reamus Dracht,19674,1,2023-07-22T20:04:31.000Z,https://universalis.app/market/2658
5342,Straw,Orion Wil'o,1000,3,2023-07-17T01:58:26.000Z,https://universalis.app/market/5342
2660,Amateur's Headgear,Winnie Winston,5994,1,2023-06-29T13:00:49.000Z,https://universalis.app/market/2660
2661,Amateur's Hempen Coif,Ish't Ara'ara,7497,1,2023-07-21T13:09:24.000Z,https://universalis.app/market/2661
2662,Bronze Sallet,A'tsuko Rei,17999,1,2023-07-07T23:15:29.000Z,https://universalis.app/market/2662
2663,Stablemaid's Hat,Malun Starfall,4500,1,2023-07-01T17:48:22.000Z,https://universalis.app/market/2663
5540,Carnation,Sefi Asta,101,1,2023-07-20T00:22:19.000Z,https://universalis.app/market/5540
2664,Bronze Barbut,Lilbit Frisky,1200,1,2023-07-04T15:22:26.000Z,https://universalis.app/market/2664
2665,Cotton Turban,Nhugoh Yhusae,8000,1,2023-07-19T07:51:54.000Z,https://universalis.app/market/2665
2666,Stablehand's Hat,Luna Verglas,3800,1,2023-07-11T09:54:27.000Z,https://universalis.app/market/2666
2668,Brass Spectacles,Potato Plato,24500,1,2023-07-17T00:49:58.000Z,https://universalis.app/market/2668
5512,Clear Glass Lens,Dino Punch-kick,975,2,2023-07-16T15:48:53.000Z,https://universalis.app/market/5512
2669,Hard Leather Eyepatch,Yuyuchko Sasachko,20000000,1,2023-07-05T19:23:25.000Z,https://universalis.app/market/2669
2670,Cotton Scarf,Welos Aldmeira,20000,1,2023-07-02T03:03:04.000Z,https://universalis.app/market/2670
2672,Hard Leather Skullcap,Mirabella Mercer,12000,1,2023-07-08T01:50:54.000Z,https://universalis.app/market/2672
2673,Bronze Celata,Adora Trevelyan,3000,1,2023-07-08T00:41:37.000Z,https://universalis.app/market/2673
2675,Ash Mask,Salariable Salod,12000,1,2023-07-23T04:15:55.000Z,https://universalis.app/market/2675
2677,Hunting Hat,Montana Wright,5000,1,2023-07-23T20:39:39.000Z,https://universalis.app/market/2677
2680,Decorated Bronze Barbut,Kay Iee,20000,1,2023-07-10T23:47:11.000Z,https://universalis.app/market/2680
2685,Brass Circlet (Sunstone),Gimbap Roll,10000,1,2023-07-25T21:44:31.000Z,https://universalis.app/market/2685
5169,Sunstone,Zaryn Vysoren,200,1,2023-07-18T00:37:14.000Z,https://universalis.app/market/5169
2687,Brass Circlet (Danburite),Kysara Lunaris,1549,1,2023-07-03T04:56:57.000Z,https://universalis.app/market/2687
5170,Danburite,Risa Pizza,200,1,2023-07-08T00:31:00.000Z,https://universalis.app/market/5170
2689,Brass Circlet (Malachite),Marleena Vox,1000,1,2023-07-10T21:29:30.000Z,https://universalis.app/market/2689
5171,Malachite,Raptor Kusakari,500,21,2023-07-01T14:10:03.000Z,https://universalis.app/market/5171
2691,Brass Circlet (Sphene),Lilly-rose Arynn,1200,1,2023-07-11T09:49:28.000Z,https://universalis.app/market/2691
5172,Sphene,Risa Pizza,79,2,2023-07-08T00:31:18.000Z,https://universalis.app/market/5172
2693,Brass Circlet (Fluorite),Draco Evelard,100,1,2023-07-03T08:34:16.000Z,https://universalis.app/market/2693
5173,Fluorite,Risa Pizza,62,2,2023-07-08T00:31:29.000Z,https://universalis.app/market/5173
2695,Brass Circlet (Lapis Lazuli),Syeira Strongshield,249,1,2023-07-05T01:36:57.000Z,https://universalis.app/market/2695
5174,Lapis Lazuli,Leo Mikael,711,2,2023-07-04T09:54:40.000Z,https://universalis.app/market/5174
2697,Goatskin Pot Helm,Daphne Mae,7000,1,2023-07-06T23:09:55.000Z,https://universalis.app/market/2697
2699,Cotton Coif,Arbor Ataraxia,7998,1,2023-07-02T18:23:58.000Z,https://universalis.app/market/2699
2700,Cotton Coif of Gathering,Diggie Bloodmoon,28000,1,2023-07-17T23:12:53.000Z,https://universalis.app/market/2700
2703,Ash Mask (Lapis Lazuli),Ularl Faladorin,10000,1,2023-07-09T08:42:16.000Z,https://universalis.app/market/2703
2708,Iron Sallet,Ravin Taimat,25000,1,2023-07-13T04:46:01.000Z,https://universalis.app/market/2708
2710,Goatskin Eyepatch,Maki Haruhi,20000000,1,2023-07-20T04:37:58.000Z,https://universalis.app/market/2710
2712,Iron Celata,Zero Amiya,996,1,2023-07-09T16:31:38.000Z,https://universalis.app/market/2712
5082,Iron Rings,Kana Xiao,502,2,2023-07-08T23:10:01.000Z,https://universalis.app/market/5082
2714,Initiate's Headgear,Ubito Tabito,39999,1,2023-06-29T12:12:02.000Z,https://universalis.app/market/2714
2719,Cotton Sugarloaf Hat,Mr Valentine,560000000,1,2023-07-01T12:35:45.000Z,https://universalis.app/market/2719
2723,Iron Elmo,Alazia Vessel,4000,1,2023-06-28T21:45:06.000Z,https://universalis.app/market/2723
2725,Reinforced Iron Sallet,Kayla Minai,15000,1,2023-07-08T15:52:57.000Z,https://universalis.app/market/2725
2727,Velveteen Bandana,Argon Grezz,29995,1,2023-06-28T21:41:51.000Z,https://universalis.app/market/2727
2728,Silver Spectacles,Naomi Kusakari,60000,1,2023-07-07T22:22:10.000Z,https://universalis.app/market/2728
2729,Velveteen Turban,Chibi Noctus,10000,1,2023-07-01T07:54:09.000Z,https://universalis.app/market/2729
2731,Silver Magnifiers,Marleena Vox,39000,1,2023-07-18T17:38:03.000Z,https://universalis.app/market/2731
2733,Velveteen Wedge Cap of Crafting,S'acha Ryou,19960,1,2023-07-05T20:05:32.000Z,https://universalis.app/market/2733
2734,Velveteen Wedge Cap of Gathering,Aphmau Irene,24999,1,2023-07-07T06:02:31.000Z,https://universalis.app/market/2734
2735,Silver Circlet (Garnet),Murk Skywalker,26000,1,2023-07-18T20:36:02.000Z,https://universalis.app/market/2735
5175,Garnet,Scavell Tane,250,2,2023-06-29T14:36:13.000Z,https://universalis.app/market/5175
2737,Silver Circlet (Goshenite),Nashi Ducky,3000,1,2023-06-30T18:21:18.000Z,https://universalis.app/market/2737
5176,Goshenite,Oryara Kennakanja,599,1,2023-07-02T17:30:34.000Z,https://universalis.app/market/5176
2739,Silver Circlet (Peridot),Edouard Cudel,10000,1,2023-07-06T15:56:22.000Z,https://universalis.app/market/2739
5177,Peridot,Kysara Lunaris,195,2,2023-07-10T21:19:37.000Z,https://universalis.app/market/5177
2741,Silver Circlet (Heliodor),Anastasia Romanov,10000,1,2023-07-09T18:51:19.000Z,https://universalis.app/market/2741
5178,Heliodor,Carra Halkhad,1296,2,2023-07-22T03:50:08.000Z,https://universalis.app/market/5178
2743,Silver Circlet (Amethyst),Raptor Kusakari,3997,1,2023-07-01T14:34:36.000Z,https://universalis.app/market/2743
5179,Amethyst,Yuu Fae,90,10,2023-06-29T05:55:14.000Z,https://universalis.app/market/5179
2745,Silver Circlet (Aquamarine),Wren Bramante,2100,1,2023-07-01T21:54:06.000Z,https://universalis.app/market/2745
5180,Aquamarine,Fortuna Gia,200,1,2023-07-11T19:53:21.000Z,https://universalis.app/market/5180
2750,Velveteen Beret,Lunafenza Shadowheart,25000,1,2023-07-18T03:16:42.000Z,https://universalis.app/market/2750
5343,Cotton Boll,Sun Gold,2000,10,2023-07-16T22:51:26.000Z,https://universalis.app/market/5343
5355,Dodo Feather,Ihana Angama,700,2,2023-07-14T13:56:02.000Z,https://universalis.app/market/5355
2753,Steel Sallet,Lyrica Keito,39999,1,2023-07-04T13:54:21.000Z,https://universalis.app/market/2753
2755,Steel Celata,Hylaria Eldergleam,24999,1,2023-07-06T14:35:35.000Z,https://universalis.app/market/2755
2757,Vintage Celata,Bubbles Nightshade,18999,1,2023-07-16T14:32:49.000Z,https://universalis.app/market/2757
2758,Steel Goggles,Yuki Kamui,54999,1,2023-06-29T07:44:24.000Z,https://universalis.app/market/2758
2763,Velveteen Sugarloaf Hat,Gabe Inoki,19999,1,2023-07-02T06:02:47.000Z,https://universalis.app/market/2763
2765,Steel Elmo,Alcei Amana,11999,1,2023-07-09T23:49:42.000Z,https://universalis.app/market/2765
2767,Skull Eyepatch,Dino Punch-kick,30000,1,2023-07-02T17:19:07.000Z,https://universalis.app/market/2767
2769,Mythril Magnifiers,Welos Aldmeira,30000,1,2023-07-02T20:10:05.000Z,https://universalis.app/market/2769
2774,Mythril Spectacles,Dino Punch-kick,35000,1,2023-07-16T15:41:55.000Z,https://universalis.app/market/2774
2776,Linen Turban,Lothiriel Lee,18250,1,2023-07-13T01:31:59.000Z,https://universalis.app/market/2776
2778,Angler's Hat,Sasalele Salele,25000,1,2023-07-17T09:20:38.000Z,https://universalis.app/market/2778
2779,Linen Hat,Rhayne Faol,19250,1,2023-07-03T13:49:16.000Z,https://universalis.app/market/2779
2785,Vintage Chef's Hat,Ubito Tabito,23400,1,2023-07-01T01:35:32.000Z,https://universalis.app/market/2785
2786,Steel Barbut,Ari Kamikura,50000,1,2023-07-24T04:20:25.000Z,https://universalis.app/market/2786
2788,Boarskin Pot Helm,Veneria Foreshadow,20000,1,2023-07-05T16:43:40.000Z,https://universalis.app/market/2788
2790,Mythril Circlet (Rubellite),Celix Naline,27500,1,2023-07-02T19:42:31.000Z,https://universalis.app/market/2790
5181,Rubellite,Carra Halkhad,500,1,2023-07-06T22:56:50.000Z,https://universalis.app/market/5181
2792,Mythril Circlet (Zircon),Alyaerys Chandler,6498,1,2023-07-18T03:50:05.000Z,https://universalis.app/market/2792
5182,Zircon,Ajax Hughes,1002,1,2023-06-28T02:10:32.000Z,https://universalis.app/market/5182
2794,Mythril Circlet (Tourmaline),Hinata Ohime,1999,1,2023-07-09T13:37:57.000Z,https://universalis.app/market/2794
2796,Mythril Circlet (Amber),Wren Bramante,3000,1,2023-07-01T21:53:11.000Z,https://universalis.app/market/2796
5184,Amber,David Borland,6000,1,2023-07-04T20:48:49.000Z,https://universalis.app/market/5184
2798,Mythril Circlet (Spinel),Toffee Sarcallis,15000,1,2023-07-04T17:31:31.000Z,https://universalis.app/market/2798
5185,Spinel,Golden Grahams,4500,1,2023-06-29T16:28:54.000Z,https://universalis.app/market/5185
2800,Mythril Circlet (Turquoise),Zavier Stone,5000,1,2023-07-02T00:44:30.000Z,https://universalis.app/market/2800
5186,Turquoise,Omega Body,200,1,2023-07-15T07:15:43.000Z,https://universalis.app/market/5186
2802,Mythril Elmo,Seanzzie Lightheart,500,1,2023-07-02T21:12:08.000Z,https://universalis.app/market/2802
2804,Linen Wedge Cap of Crafting,Ursa Moonscar,19999,1,2023-07-04T20:48:02.000Z,https://universalis.app/market/2804
2805,Linen Wedge Cap of Gathering,Zendik Valon,29999,1,2023-06-29T05:31:46.000Z,https://universalis.app/market/2805
2806,Woolen Coif,Yasuko Kanagi,24999,1,2023-07-06T03:08:04.000Z,https://universalis.app/market/2806
5328,Undyed Woolen Cloth,Psycho Starkiller,7000,2,2023-07-23T02:00:52.000Z,https://universalis.app/market/5328
2808,Woolen Coif of Gathering,Spook Kirijo,75000,1,2023-07-02T00:24:08.000Z,https://universalis.app/market/2808
2810,Woolen Turban,Reese Reese,50000,1,2023-07-18T14:47:15.000Z,https://universalis.app/market/2810
2812,Mythril Celata,Mal Ornedwesfv,26999,1,2023-07-04T07:35:14.000Z,https://universalis.app/market/2812
5089,Mythril Rings,Lore-accurate Name,300,1,2023-07-05T01:56:50.000Z,https://universalis.app/market/5089
2814,Woolen Hat,Moe Aoyama,24250,1,2023-07-09T21:29:43.000Z,https://universalis.app/market/2814
2816,Linen Deerstalker,Axie Noriari,30000,1,2023-07-09T01:01:23.000Z,https://universalis.app/market/2816
2817,Mythril Barbut,Melusine Astraea,10000,1,2023-07-06T23:42:09.000Z,https://universalis.app/market/2817
2819,Mythril Mesail,Beer Pup,20000,1,2023-07-07T07:02:49.000Z,https://universalis.app/market/2819
2825,Ranger's Hat,Kiba Xing,900,1,2023-07-16T22:44:48.000Z,https://universalis.app/market/2825
2827,Mythril Chain Coif,Cidon Hudon,10000,1,2023-07-08T03:51:22.000Z,https://universalis.app/market/2827
2829,Woolen Beret,Amaya Iriq,39999,1,2023-07-01T22:33:04.000Z,https://universalis.app/market/2829
5348,Apkallu Down,Ristisia Lixiae,5000,2,2023-07-18T12:56:35.000Z,https://universalis.app/market/5348
2830,Reinforced Mythril Elmo,Hakai Subete,49999,1,2023-06-28T03:19:53.000Z,https://universalis.app/market/2830
2832,Woolen Cavalier's Hat,Cali Klepto,25000,1,2023-07-02T20:48:06.000Z,https://universalis.app/market/2832
2834,Cobalt Preserves,Kuro Augury,35000,1,2023-07-22T21:30:25.000Z,https://universalis.app/market/2834
2835,Felt Coif,Arbor Ataraxia,1000,1,2023-07-17T00:21:01.000Z,https://universalis.app/market/2835
2837,Felt Coif of Gathering,Zahra Askadi,28999,1,2023-07-11T01:10:33.000Z,https://universalis.app/market/2837
2850,Cobalt Elmo,Krit Djt-gilda,7000,1,2023-07-20T01:49:59.000Z,https://universalis.app/market/2850
2852,Felt Hat,Sherbert Cup,10000,1,2023-07-02T05:02:10.000Z,https://universalis.app/market/2852
2854,Woolen Deerstalker,Jayden Duskwight,2947,1,2023-07-13T20:54:02.000Z,https://universalis.app/market/2854
2855,Vintage Jester's Cap,Kaali Syrix,19000,1,2023-06-28T06:33:59.000Z,https://universalis.app/market/2855
2702,Moldering Jester's Cap,Risa Pizza,7000,1,2023-07-08T04:53:58.000Z,https://universalis.app/market/2702
2857,Electrum Monocle,Nyanta Jurai,25500,1,2023-07-16T20:13:37.000Z,https://universalis.app/market/2857
5087,Brass Rings,Becca Kurgane,62,31,2023-07-03T03:37:51.000Z,https://universalis.app/market/5087
2859,Cobalt Barbut,Hattie Hickinbottom,15000,1,2023-07-04T18:22:34.000Z,https://universalis.app/market/2859
2861,Cobalt Mesail,Hunter Qii,10053,1,2023-07-06T06:55:34.000Z,https://universalis.app/market/2861
2862,Raptorskin Pot Helm,Fallen Aztar,20000,1,2023-07-20T01:13:39.000Z,https://universalis.app/market/2862
2870,Electrum Circlet (Rubellite),Heart-eyes Emoji,31000,1,2023-07-04T04:21:49.000Z,https://universalis.app/market/2870
2872,Electrum Circlet (Zircon),Rois Dewinter,36950,1,2023-07-03T22:18:03.000Z,https://universalis.app/market/2872
2874,Electrum Circlet (Tourmaline),Alyaerys Chandler,6497,1,2023-07-18T03:46:12.000Z,https://universalis.app/market/2874
2876,Electrum Circlet (Amber),Nikolas Braelin,30000,1,2023-07-03T19:44:59.000Z,https://universalis.app/market/2876
2878,Electrum Circlet (Spinel),Jesting Griffin,2000000,1,2023-07-04T06:15:43.000Z,https://universalis.app/market/2878
2880,Electrum Circlet (Turquoise),Caraneth Bloodsworn,1699,1,2023-07-16T23:56:13.000Z,https://universalis.app/market/2880
2882,Rainmaker's Hat,Hattie Hickinbottom,15000,1,2023-06-29T00:54:02.000Z,https://universalis.app/market/2882
2884,Cobalt Chain Coif,Dookie Dookie,2000,1,2023-07-05T04:38:43.000Z,https://universalis.app/market/2884
5084,Cobalt Rings,Matthias Corvinus,2248,1,2023-07-07T04:35:00.000Z,https://universalis.app/market/5084
2886,Felt Beret,Dax Nfr,19900,1,2023-07-02T04:48:37.000Z,https://universalis.app/market/2886
2888,Vintage Coif,T'val Tia,22000,1,2023-07-19T22:12:15.000Z,https://universalis.app/market/2888
2889,Cobalt Celata,Callum Agnar,1997,1,2023-07-19T18:37:21.000Z,https://universalis.app/market/2889
2891,Felt Cavalier's Hat,Bella Zae,25000,1,2023-07-12T23:24:56.000Z,https://universalis.app/market/2891
2893,Cobalt Sallet,Freya Ulfer,7000,1,2023-07-16T08:35:28.000Z,https://universalis.app/market/2893
2895,Patrician's Wedge Cap,L'imit Cut,49999,1,2023-07-02T04:43:18.000Z,https://universalis.app/market/2895
2911,Militia Barbut,Lyra Whindwhisper,16072,1,2023-07-14T04:34:46.000Z,https://universalis.app/market/2911
2912,Militia Armet,Alina Starblade,9974,1,2023-07-17T19:18:30.000Z,https://universalis.app/market/2912
2915,Silver Tricorne,Fallen Aztar,9299,1,2023-07-13T15:08:41.000Z,https://universalis.app/market/2915
5287,Uraeus Leather,Fizz Foundthorn,10000,2,2023-07-16T17:02:19.000Z,https://universalis.app/market/5287
2921,Blacksmith's Goggles,Yuki Kamui,50000,1,2023-06-30T01:11:03.000Z,https://universalis.app/market/2921
2922,Armorer's Visor,Peter Pickles,3000,1,2023-07-13T23:50:00.000Z,https://universalis.app/market/2922
2923,Goldsmith's Turban,T'falah Thyellas,10000,1,2023-07-05T07:14:18.000Z,https://universalis.app/market/2923
2924,Leatherworker's Hat,Kieran Corvinus,16000,1,2023-06-30T19:01:07.000Z,https://universalis.app/market/2924
2926,Alchemist's Monocle,Ravin Taimat,39999,1,2023-07-14T12:16:14.000Z,https://universalis.app/market/2926
2927,Culinarian's Hat,Callum Agnar,50999,1,2023-07-01T06:00:34.000Z,https://universalis.app/market/2927
2928,Hamlet Digger's Helmet,Vamod Flax,40000,1,2023-07-06T03:42:06.000Z,https://universalis.app/market/2928
2929,Hamlet Cutter's Hat,Ari Kamikura,40072,1,2023-07-10T06:11:55.000Z,https://universalis.app/market/2929
2930,Hamlet Puller's Hat,Delidoga Santoro,29990,1,2023-07-14T02:55:56.000Z,https://universalis.app/market/2930
2932,Rose Gold Circlet,Arisu Kaisuri,3975,1,2023-07-20T00:48:49.000Z,https://universalis.app/market/2932
2931,Legionary Visor,Wisty Faelira,17000000,1,2023-06-29T02:52:50.000Z,https://universalis.app/market/2931
5067,Rose Gold Ingot,Anteres Hasov,1598,1,2023-07-07T12:53:45.000Z,https://universalis.app/market/5067
2933,Imperial Operative Tricorne,Peter Pickles,4998,1,2023-07-14T13:32:34.000Z,https://universalis.app/market/2933
2934,Imperial Operative Hat,L'arc Enciel,500,1,2023-07-15T09:06:29.000Z,https://universalis.app/market/2934
2938,Gryphonskin Bandana,Peter Pickles,4500,1,2023-07-14T13:31:39.000Z,https://universalis.app/market/2938
5289,Hard Hippogryph Leather,Emiya Shiro,6000,1,2023-06-28T03:18:13.000Z,https://universalis.app/market/5289
2939,Gryphonskin Hat,Lekaka Leka,2999,1,2023-07-16T09:28:15.000Z,https://universalis.app/market/2939
2940,Darksteel Chain Coif,Oswell Spencer,1899,1,2023-07-12T23:55:42.000Z,https://universalis.app/market/2940
5085,Darksteel Rings,Channineffin Tattum,100,2,2023-07-20T03:38:10.000Z,https://universalis.app/market/5085
2941,Vanya Hat of Casting,Schierke Harz,18888,1,2023-07-10T01:53:48.000Z,https://universalis.app/market/2941
5577,Vanya Silk Hat Lining,Scruntle Debungus,2692,1,2023-07-22T03:41:09.000Z,https://universalis.app/market/5577
2942,Vanya Hat of Healing,Kitt Katterton,10000,1,2023-07-18T22:58:30.000Z,https://universalis.app/market/2942
2958,Hempen Dalmatica,Astil Yuki,1969,1,2023-07-01T18:05:18.000Z,https://universalis.app/market/2958
2959,Hempen Dalmatica of Gathering,Gwenn Nox,70000000,1,2023-07-16T05:47:56.000Z,https://universalis.app/market/2959
2960,Hempen Tunic,Stella Fae,5000,1,2023-07-10T00:32:41.000Z,https://universalis.app/market/2960
2961,Hempen Kurta,Sum Yumi,25500000,1,2023-07-13T07:11:28.000Z,https://universalis.app/market/2961
2993,Company Tabard,Bun Tho-nuong,1835000,1,2023-07-16T14:47:43.000Z,https://universalis.app/market/2993
2996,Hempen Undershirt,Fat Baby,25000000,1,2023-07-03T02:27:14.000Z,https://universalis.app/market/2996
2997,Hempen Camise,Clown Chan,133000000,1,2023-07-24T00:50:15.000Z,https://universalis.app/market/2997
2999,Hempen Tabard,Zoh Nah,4000,1,2023-07-09T22:32:52.000Z,https://universalis.app/market/2999
3000,Hempen Cowl,Syeira Strongshield,1000,1,2023-07-04T10:38:43.000Z,https://universalis.app/market/3000
3001,Hempen Shepherd's Tunic,Luna Verglas,24000,1,2023-07-21T06:45:16.000Z,https://universalis.app/market/3001
3008,Hempen Acton,G'baelf Naasade,4000000,1,2023-06-28T04:56:26.000Z,https://universalis.app/market/3008
5341,Moko Grass,Ashwin Sharma,250000,1,2023-07-02T16:28:53.000Z,https://universalis.app/market/5341
3010,Hempen Halfrobe,Illithria Knight,15000,1,2023-07-21T03:58:38.000Z,https://universalis.app/market/3010
3011,Bronze Haubergeon,Emelin Blackstone,6891,1,2023-07-15T00:27:23.000Z,https://universalis.app/market/3011
3013,Amateur's Doublet Vest,Liokki Djt-setlas,10000,1,2023-07-19T17:09:54.000Z,https://universalis.app/market/3013
3014,Amateur's Kurta,Krissy Creighton,125,1,2023-07-01T19:47:33.000Z,https://universalis.app/market/3014
3015,Amateur's Dalmatica,Brave Sparrow,19999,1,2023-07-10T14:23:28.000Z,https://universalis.app/market/3015
3016,Leather Jacket,Lapis Tigerlily,10000,1,2023-07-14T19:16:35.000Z,https://universalis.app/market/3016
3017,Hard Leather Harness,Arbor Ataraxia,35000,1,2023-06-30T00:30:00.000Z,https://universalis.app/market/3017
3018,Hempen Robe,Daphne Mae,9900,1,2023-07-09T15:40:52.000Z,https://universalis.app/market/3018
3019,Hempen Doublet Vest of Crafting,Yui Kurokawa,30000,1,2023-07-13T21:23:02.000Z,https://universalis.app/market/3019
3020,Hempen Doublet Vest of Gathering,Chef Boiardi,9000,1,2023-07-15T20:38:43.000Z,https://universalis.app/market/3020
3022,Cotton Shirt,Guy Mcman,5000,1,2023-06-29T09:49:38.000Z,https://universalis.app/market/3022
3023,Cotton Shepherd's Tunic,Koichi Chaneke,7001,1,2023-07-03T01:58:57.000Z,https://universalis.app/market/3023
3024,Cotton Cowl,Candie Carti,19900,1,2023-07-08T02:57:59.000Z,https://universalis.app/market/3024
3026,Bronze Cuirass,Dekken Blake,100,1,2023-07-09T23:14:01.000Z,https://universalis.app/market/3026
3028,Cotton Tabard,Arbor Ataraxia,5001,1,2023-07-01T16:08:38.000Z,https://universalis.app/market/3028
3036,Cotton Dalmatica,Adora Trevelyan,15000,1,2023-07-04T21:40:56.000Z,https://universalis.app/market/3036
3038,Cotton Dalmatica of Gathering,Yullendi Rao,9000,1,2023-07-11T21:38:03.000Z,https://universalis.app/market/3038
3039,Cotton Acton,Evelynn Yui,28750,1,2023-07-17T02:33:56.000Z,https://universalis.app/market/3039
3041,Cotton Kurta,Dino Punch-kick,5000,1,2023-07-07T23:30:09.000Z,https://universalis.app/market/3041
3043,Goatskin Jacket,Wren Bramante,15,1,2023-06-30T21:51:49.000Z,https://universalis.app/market/3043
3045,Iron Cuirass,Aria Solis,25000,1,2023-07-13T04:34:37.000Z,https://universalis.app/market/3045
3050,Cotton Halfrobe,Reve Stark,15000,1,2023-07-23T02:15:50.000Z,https://universalis.app/market/3050
3052,Cotton Doublet Vest of Crafting,Kanin Skogvokter,39999,1,2023-06-28T03:27:13.000Z,https://universalis.app/market/3052
3053,Cotton Doublet Vest of Gathering,Arcale D'averum,35000,1,2023-07-06T04:10:35.000Z,https://universalis.app/market/3053
3057,Iron Scale Mail,Alazia Vessel,9000,1,2023-06-29T22:43:59.000Z,https://universalis.app/market/3057
3060,Cotton Trapper's Tunic,Miah Kihto,2500,1,2023-07-02T16:39:54.000Z,https://universalis.app/market/3060
3062,Cotton Robe,Spyrit Andras,19999,1,2023-06-28T10:28:12.000Z,https://universalis.app/market/3062
3064,Initiate's Doublet Vest,Adora Trevelyan,30000,1,2023-07-06T00:16:20.000Z,https://universalis.app/market/3064
3065,Initiate's Gown,Yuma Atara,9900,1,2023-07-18T23:57:57.000Z,https://universalis.app/market/3065
3066,Velveteen Shirt,Brave Sparrow,50000,1,2023-07-08T05:52:30.000Z,https://universalis.app/market/3066
3068,Heavy Iron Armor,Arbor Ataraxia,14074,1,2023-07-10T02:18:24.000Z,https://universalis.app/market/3068
3076,Vintage Coatee,Luka Mikama,50000,1,2023-07-05T13:43:21.000Z,https://universalis.app/market/3076
3077,Velveteen Coatee of Crafting,Ashera Daetris,23999,1,2023-07-16T23:50:14.000Z,https://universalis.app/market/3077
3090,Velveteen Cowl,Lili Nanami,14443,1,2023-06-29T02:09:45.000Z,https://universalis.app/market/3090
3092,Velveteen Coatee of Gathering,Mia Tachikake,14000,1,2023-07-08T08:36:54.000Z,https://universalis.app/market/3092
3096,Steel Chainmail,Lala Doom,30000,1,2023-07-08T16:01:06.000Z,https://universalis.app/market/3096
5083,Steel Rings,Soup Lendid,419,2,2023-07-24T04:25:33.000Z,https://universalis.app/market/5083
3099,Toadskin Jerkin,Plushy Kitty,30000,1,2023-07-07T22:44:43.000Z,https://universalis.app/market/3099
3100,Toadskin Jacket,Kutori Inugami,19999,1,2023-06-28T21:40:49.000Z,https://universalis.app/market/3100
3102,Steel Cuirass,Draco Evelard,5000,1,2023-07-01T08:32:11.000Z,https://universalis.app/market/3102
3104,Velveteen Gown,Lunafenza Shadowheart,29999,1,2023-07-18T03:16:48.000Z,https://universalis.app/market/3104
3105,Vintage Doublet Vest,Granny Butterfly,27000,1,2023-06-28T07:01:29.000Z,https://universalis.app/market/3105
2998,Frayed Cotton Doublet Vest,Ibsul Shimada,5000,1,2023-07-01T17:04:28.000Z,https://universalis.app/market/2998
3106,Velveteen Robe,Dino Punch-kick,49999,1,2023-07-02T17:19:43.000Z,https://universalis.app/market/3106
3118,Steel Scale Mail,Soma Claimh,20000,1,2023-07-13T23:44:13.000Z,https://universalis.app/market/3118
3120,Velveteen Doublet Vest of Crafting,Yuki Kamui,34999,1,2023-06-29T07:44:11.000Z,https://universalis.app/market/3120
3121,Velveteen Doublet Vest of Gathering,Kadir Dubois,25000,1,2023-07-17T03:58:39.000Z,https://universalis.app/market/3121
3125,Linen Shirt,Kaiden Khan,29999,1,2023-07-01T04:57:20.000Z,https://universalis.app/market/3125
3127,Heavy Steel Armor,Alpha' Omega,4500,1,2023-07-04T21:32:56.000Z,https://universalis.app/market/3127
3131,Linen Robe,Elandur Aerendil,15250,1,2023-07-08T06:48:23.000Z,https://universalis.app/market/3131
3137,Vintage Chef's Apron,Alina Drajeel,25000,1,2023-07-03T17:20:44.000Z,https://universalis.app/market/3137
3012,Stained Chef's Apron,Jiluna Araxie,6000,1,2023-07-07T02:17:45.000Z,https://universalis.app/market/3012
3138,Boarskin Harness,Tekka Maki,25000,1,2023-07-24T03:55:59.000Z,https://universalis.app/market/3138
3140,Linen Cowl,Meiomi Cloudburst,19995,1,2023-07-10T18:00:50.000Z,https://universalis.app/market/3140
3142,Horn Scale Mail,Tilith Essgee,29989,1,2023-06-29T21:56:58.000Z,https://universalis.app/market/3142
3144,Linen Coatee of Crafting,Aria Castellan,29999,1,2023-07-01T02:41:07.000Z,https://universalis.app/market/3144
3145,Linen Coatee of Gathering,D'oxol Los-err,24500,1,2023-07-18T00:59:31.000Z,https://universalis.app/market/3145
3146,Linen Bliaud,Aemlus Karlc,25000,1,2023-07-16T07:52:11.000Z,https://universalis.app/market/3146
3147,Woolen Shirt,A'rith Strife,35000,1,2023-07-22T19:09:05.000Z,https://universalis.app/market/3147
3149,Mythril Cuirass,Hakai Subete,49999,1,2023-06-28T03:19:28.000Z,https://universalis.app/market/3149
3160,Woolen Robe,Tessa Rose,24000,1,2023-07-06T18:32:41.000Z,https://universalis.app/market/3160
3162,Linen Smock,Anna Katatonia,30000,1,2023-06-28T16:30:57.000Z,https://universalis.app/market/3162
3163,Linen Doublet,Spook Kirijo,35000,1,2023-07-02T00:23:58.000Z,https://universalis.app/market/3163
3164,Vintage Scale Mail,Vulpine Foxfire,10000,1,2023-07-03T23:18:07.000Z,https://universalis.app/market/3164
3021,Blackened Scale Mail,Mog's Light,10000,1,2023-07-13T14:50:26.000Z,https://universalis.app/market/3021
3165,Peisteskin Harness,Ume Kaujin,20000,1,2023-07-07T20:47:00.000Z,https://universalis.app/market/3165
3172,Ranger's Tunic,Saphira Sanvi-ame,8000,1,2023-07-18T22:24:15.000Z,https://universalis.app/market/3172
3174,Mythril Haubergeon,Kaht Gorl,21998,1,2023-07-15T22:21:24.000Z,https://universalis.app/market/3174
3176,Woolen Gown,Bella Zae,39999,1,2023-06-29T23:27:50.000Z,https://universalis.app/market/3176
3177,Boarskin Jerkin,Argon Grezz,28998,1,2023-06-29T07:31:56.000Z,https://universalis.app/market/3177
3178,Woolen Bliaud,Valvra Munilis,1079,1,2023-07-10T05:03:19.000Z,https://universalis.app/market/3178
3182,Vintage Seneschal Coatee,Downsy Wownsy,28000,1,2023-06-29T07:48:13.000Z,https://universalis.app/market/3182
3098,Moth-eaten Seneschal Coatee,Luna Verglas,49990,1,2023-07-05T19:26:27.000Z,https://universalis.app/market/3098
3183,Tortoiseshell Scale Mail,A'vhut Jhari,10000,1,2023-07-06T01:47:09.000Z,https://universalis.app/market/3183
3185,Felt Robe,Shinobu Aragaki,22900,1,2023-07-02T00:44:44.000Z,https://universalis.app/market/3185
3187,Woolen Smock,Bella Zae,10237,1,2023-07-04T18:08:58.000Z,https://universalis.app/market/3187
3188,Woolen Doublet,Nyanta Jurai,19999,1,2023-07-16T20:14:33.000Z,https://universalis.app/market/3188
3191,Raptorskin Harness,Adia Amaya,12000,1,2023-07-17T01:24:16.000Z,https://universalis.app/market/3191
3193,Woolen Cowl,Ozwyn Murciel,13000,1,2023-07-18T02:54:52.000Z,https://universalis.app/market/3193
3201,Rainmaker's Tunic,Jon Metzger,20000,1,2023-07-11T22:37:31.000Z,https://universalis.app/market/3201
3203,Cobalt Haubergeon,Ritsu Ishida,46790,1,2023-07-09T18:01:31.000Z,https://universalis.app/market/3203
3205,Felt Gown,Welos Aldmeira,25000,1,2023-07-02T21:04:36.000Z,https://universalis.app/market/3205
3206,Raptorskin Jerkin,Aurora Spinner,44444,1,2023-07-13T16:29:42.000Z,https://universalis.app/market/3206
3208,Vintage Robe,Dino Punch-kick,24000,1,2023-07-02T03:08:18.000Z,https://universalis.app/market/3208
3108,Tattered Robe,Space Spookem,8000,1,2023-07-08T15:42:45.000Z,https://universalis.app/market/3108
3209,Cobalt Cuirass,Puryn Durnasson,5000,1,2023-07-11T03:22:26.000Z,https://universalis.app/market/3209
3211,Felt Bliaud,Mariska Divine,40000,1,2023-07-02T20:44:01.000Z,https://universalis.app/market/3211
3213,Raptorskin Jacket,Vonloke Rose,34995,1,2023-07-14T06:48:08.000Z,https://universalis.app/market/3213
3215,Patrician's Coatee,Hilda Healerpants,49999,1,2023-07-24T22:21:09.000Z,https://universalis.app/market/3215
3218,Vintage Haubergeon,Jesting Griffin,16500,1,2023-07-05T09:27:35.000Z,https://universalis.app/market/3218
3059,Ripped Haubergeon,Xanthus Serenity,5249,1,2023-07-06T01:20:08.000Z,https://universalis.app/market/3059
3230,Blacksmith's Apron,Cringe Connoisseur,69997,1,2023-07-12T19:36:14.000Z,https://universalis.app/market/3230
3233,Leatherworker's Shirt,Naomi Kusakari,20000,1,2023-07-07T22:59:16.000Z,https://universalis.app/market/3233
3235,Alchemist's Coat,Kiari Gray,33000,1,2023-07-06T00:27:28.000Z,https://universalis.app/market/3235
3236,Culinarian's Apron,Kehda Tyeres,50000,1,2023-07-18T23:52:57.000Z,https://universalis.app/market/3236
3237,Miner's Shirt,Meila'ari Drachanyx,50000,1,2023-07-19T04:05:41.000Z,https://universalis.app/market/3237
3238,Botanist's Doublet,Scruffed Keal,68900,1,2023-07-07T01:45:07.000Z,https://universalis.app/market/3238
3239,Fisher's Shirt,Yitari Sage,65500,1,2023-07-08T13:42:40.000Z,https://universalis.app/market/3239
3241,Militia Cuirass,Cherry Steal,2966,1,2023-07-05T13:33:28.000Z,https://universalis.app/market/3241
3242,Militia Harness,Lyra Whindwhisper,30000,1,2023-07-14T04:35:45.000Z,https://universalis.app/market/3242
3243,Mosshorn Scale Mail,Isaac Highwind,4900,1,2023-07-07T19:18:35.000Z,https://universalis.app/market/3243
5437,Mossy Horn,Rinzler Tudusaku,450,4,2023-06-30T12:59:21.000Z,https://universalis.app/market/5437
3244,Dodore Doublet,Krazed Shadow,99999,1,2023-07-04T17:17:59.000Z,https://universalis.app/market/3244
5286,Dodore Leather,Kai D'vine,3250,2,2023-07-22T04:59:06.000Z,https://universalis.app/market/5286
3249,Imperial Operative Dalmatica,Ozwyn Murciel,1500,1,2023-07-18T02:51:51.000Z,https://universalis.app/market/3249
3256,Heavy Darksteel Armor,Sephi Kupo,26000,1,2023-07-12T00:53:31.000Z,https://universalis.app/market/3256
5585,Darksteel Breastplate,Azir Shuross,3000,1,2023-07-01T08:52:54.000Z,https://universalis.app/market/5585
3257,Darksteel Haubergeon,Diana Rivael,6000,1,2023-07-21T00:55:56.000Z,https://universalis.app/market/3257
5105,Garlean Steel Plate,Zed Caron,1100,1,2023-07-02T02:54:24.000Z,https://universalis.app/market/5105
3258,Gryphonskin Jerkin,Aya Bea,3152,1,2023-07-23T20:05:51.000Z,https://universalis.app/market/3258
5290,Coeurl Fur,Korok Seed,90,4,2023-06-28T22:45:09.000Z,https://universalis.app/market/5290
5581,Gryphonskin Shoulder Guards,Didrianna Winterset,2000,1,2023-07-06T02:06:45.000Z,https://universalis.app/market/5581
3259,Gryphonskin Tunic,Lekaka Leka,1999,1,2023-07-16T09:29:06.000Z,https://universalis.app/market/3259
5104,Garlean Steel Joint,Riy'han Moloth,1700,1,2023-07-17T00:37:34.000Z,https://universalis.app/market/5104
3260,Vanya Robe of Casting,Ozwyn Murciel,5000,1,2023-07-18T02:49:38.000Z,https://universalis.app/market/3260
5578,Vanya Silk Robe Lining,Didrianna Winterset,2450,2,2023-07-16T00:54:34.000Z,https://universalis.app/market/5578
3261,Vanya Robe of Healing,M'sumabla Nitsah,3149,1,2023-07-12T00:23:22.000Z,https://universalis.app/market/3261
3274,Hempen Breeches,Anastasia Krabs,90000,1,2023-07-16T03:51:32.000Z,https://universalis.app/market/3274
3275,Hempen Breeches of Crafting,Elandur Aerendil,3999,1,2023-07-08T07:35:11.000Z,https://universalis.app/market/3275
3276,Hempen Shepherd's Slops,Zoh Nah,10000,1,2023-07-08T23:00:57.000Z,https://universalis.app/market/3276
3307,Hempen Underpants,Catspresso Maucchiato,2002,1,2023-07-21T19:54:10.000Z,https://universalis.app/market/3307
3308,Hempen Pantalettes,Suke Ioris,40000000,1,2023-07-15T01:02:07.000Z,https://universalis.app/market/3308
3309,Hempen Chausses,Lycoris Libidine,3000,1,2023-07-01T00:30:36.000Z,https://universalis.app/market/3309
3310,Leather Culottes,Blank Slate,5000,1,2023-07-21T08:15:08.000Z,https://universalis.app/market/3310
3311,Hempen Sarouel,Brave Sparrow,26000,1,2023-07-08T21:30:18.000Z,https://universalis.app/market/3311
3312,Hempen Tights,Metorva Cross,1900,1,2023-07-23T16:53:02.000Z,https://universalis.app/market/3312
3313,Hempen Kecks,Summer Thorn,9999,1,2023-07-21T22:27:35.000Z,https://universalis.app/market/3313
3314,Hempen Gaskins,Santa's Sack,10000,1,2023-07-01T22:13:19.000Z,https://universalis.app/market/3314
3315,Amateur's Slops,Roo Iam,15000,1,2023-06-28T05:49:48.000Z,https://universalis.app/market/3315
3316,Amateur's Breeches,Zephiro Rainelle,23000000,1,2023-07-06T08:15:49.000Z,https://universalis.app/market/3316
3317,Hempen Bottoms,Squidly Inkerton,5000,1,2023-07-24T01:40:24.000Z,https://universalis.app/market/3317
3318,Hempen Trousers,Cidon Hudon,10000,1,2023-06-29T22:56:40.000Z,https://universalis.app/market/3318
3319,Hard Leather Subligar,Garth Uthol,5500,1,2023-07-21T05:01:52.000Z,https://universalis.app/market/3319
