id,name,buyerName,pricePerUnit,quantity,timestamp,universalisUrl
1602,Bronze Bastard Sword,Briar Rozenkratz,48700000,1,2024-03-15T20:54:59.000Z,https://universalis.app/market/1602
2,Fire Shard,Bellatrix Snow,400,100,2024-03-20T17:40:28.000Z,https://universalis.app/market/2
5,Earth Shard,Psyconia Serio,250,100,2024-03-17T00:44:14.000Z,https://universalis.app/market/5
5056,Bronze Ingot,Rukia Himejima,600,48,2024-03-09T02:36:13.000Z,https://universalis.app/market/5056
5361,Maple Lumber,Lux Draken,2000,34,2024-03-17T00:13:33.000Z,https://universalis.app/market/5361
5432,Bone Chip,Luka Alandris,1000000,1,2024-02-27T08:25:14.000Z,https://universalis.app/market/5432
1603,Viking Sword,Situational Confusion,20000,1,2024-03-10T21:32:03.000Z,https://universalis.app/market/1603
5275,Leather,Cyles Blackheart,100,99,2024-02-26T00:54:36.000Z,https://universalis.app/market/5275
1604,Ash Macuahuitl,Ragnorax Faithbringer,40000000,1,2024-03-01T18:01:55.000Z,https://universalis.app/market/1604
3,Ice Shard,Bsko Whitefang,300,50,2024-02-27T10:01:50.000Z,https://universalis.app/market/3
4,Wind Shard,Anon X-uwu,175,55,2024-03-17T13:24:37.000Z,https://universalis.app/market/4
5124,Obsidian,Kittyto Fluffernutter,100,8,2024-03-10T03:40:47.000Z,https://universalis.app/market/5124
5364,Ash Lumber,Lux Draken,2000,34,2024-03-17T00:17:02.000Z,https://universalis.app/market/5364
1605,Bronze Spatha,Texas Rose,5000,1,2024-02-26T19:41:21.000Z,https://universalis.app/market/1605
5276,Hard Leather,Oliphae Stormwind,2000,2,2024-03-01T00:51:21.000Z,https://universalis.app/market/5276
5434,Ram Horn,Slime Butter,168,5,2024-03-17T22:42:15.000Z,https://universalis.app/market/5434
1607,Brass Bastard Sword,Ungus Bungus,5000,1,2024-02-24T00:48:17.000Z,https://universalis.app/market/1607
5063,Brass Ingot,Vilebranch Oakstout,1989,1,2024-03-02T06:44:03.000Z,https://universalis.app/market/5063
1609,Brass Viking Sword,Catnip Lacroix,25000,1,2024-03-03T02:36:11.000Z,https://universalis.app/market/1609
5277,Aldgoat Leather,Krim Drakos,20000,2,2024-03-19T13:04:04.000Z,https://universalis.app/market/5277
1611,Carnage Sword,Pat Fenis,2100,1,2024-03-01T19:49:30.000Z,https://universalis.app/market/1611
1614,Iron Shortsword,Exodus Calibur,1015,1,2024-02-24T00:46:04.000Z,https://universalis.app/market/1614
5057,Iron Ingot,Zendus Pendragon,2000,30,2024-03-17T02:34:31.000Z,https://universalis.app/market/5057
5367,Elm Lumber,Haru Takayama,9000,9,2024-03-21T01:18:19.000Z,https://universalis.app/market/5367
1622,Iron Spatha,Soft Paws,4000,1,2024-02-27T05:39:51.000Z,https://universalis.app/market/1622
5435,Antelope Horn,Broodahl Sykursyn,100000,1,2024-03-13T23:10:08.000Z,https://universalis.app/market/5435
1625,Steel Broadsword,Scaurus Aemelius,20000,1,2024-03-05T03:45:01.000Z,https://universalis.app/market/1625
5058,Steel Ingot,Luna Kadashi,4000,36,2024-03-02T05:09:33.000Z,https://universalis.app/market/5058
5371,Walnut Lumber,Rae Ginrati,3000,1,2024-03-12T06:44:02.000Z,https://universalis.app/market/5371
5444,Wolf Fang,Situational Confusion,1000,6,2024-03-11T16:38:38.000Z,https://universalis.app/market/5444
1627,Elm Macuahuitl,Galvin Blue,8000,1,2024-02-27T00:31:58.000Z,https://universalis.app/market/1627
1633,Steel Falchion,Lux Draken,50036,1,2024-03-16T23:05:09.000Z,https://universalis.app/market/1633
5260,Siltstone Whetstone,Lux Sol,4998,1,2024-03-14T06:51:05.000Z,https://universalis.app/market/5260
8,Fire Crystal,Lusa'ya Lafele,80,600,2024-03-03T23:21:31.000Z,https://universalis.app/market/8
1606,Blunt Bastard Sword,Megumin Megumi,5555,1,2024-02-25T07:20:54.000Z,https://universalis.app/market/1606
5259,Mudstone Whetstone,Friend Boat,1500,1,2024-03-03T21:13:17.000Z,https://universalis.app/market/5259
1637,Walnut Macuahuitl,Cerwyn Cassidy,9000,1,2024-02-28T22:02:48.000Z,https://universalis.app/market/1637
5125,Wyvern Obsidian,Lareth Rigbof,625,15,2024-02-29T08:08:08.000Z,https://universalis.app/market/5125
1639,Steel Longsword,Niamh Eiry,2000,1,2024-02-27T01:03:27.000Z,https://universalis.app/market/1639
5504,Fish Glue,Orgoth Malus,1844,1,2024-03-18T00:53:34.000Z,https://universalis.app/market/5504
1642,Goblin Scimitar,Xavier Nioh,10000,1,2024-03-09T23:35:45.000Z,https://universalis.app/market/1642
1613,Blunt Goblin Scimitar,Amunaptra Atem,750,1,2024-03-22T02:47:10.000Z,https://universalis.app/market/1613
1643,Mythril Broadsword,Nemo Waldo,25000,1,2024-02-26T23:24:00.000Z,https://universalis.app/market/1643
5065,Mythril Ingot,Map Lock,5000,5,2024-02-24T11:45:37.000Z,https://universalis.app/market/5065
5373,Oak Lumber,K'aishu Sita,3500,2,2024-03-22T00:58:31.000Z,https://universalis.app/market/5373
1648,Vintage Viking Sword,Free Boulder,50000,1,2024-03-13T09:47:49.000Z,https://universalis.app/market/1648
11,Earth Crystal,Jace Whitemourne,175,55,2024-03-13T22:03:41.000Z,https://universalis.app/market/11
1616,Nicked Viking Sword,Map Lock,19999,1,2024-02-24T23:54:29.000Z,https://universalis.app/market/1616
1649,Goblin Longsword,Nurse Lilac,18074,1,2024-02-27T06:09:26.000Z,https://universalis.app/market/1649
1621,Blunt Goblin Longsword,Galin Malin,10500,1,2024-03-21T17:14:01.000Z,https://universalis.app/market/1621
5262,Basilisk Whetstone,Pani Cirha,1400,6,2024-02-26T15:14:24.000Z,https://universalis.app/market/5262
1650,Plumed Oak Macuahuitl,Soft Paws,29999,1,2024-03-12T04:25:08.000Z,https://universalis.app/market/1650
5360,Wildfowl Feather,Cinnamon Apple,1000,1,2024-03-01T19:29:18.000Z,https://universalis.app/market/5360
5059,Cobalt Ingot,Popopoki Cocopoki,10003,3,2024-03-04T08:06:34.000Z,https://universalis.app/market/5059
5066,Electrum Ingot,Sarinthia Em,14998,2,2024-03-18T16:30:54.000Z,https://universalis.app/market/5066
5282,Boar Leather,Nakano Akamori,5500,1,2024-03-06T18:38:12.000Z,https://universalis.app/market/5282
1659,Cobalt Shamshir,Ophelie Primerain,55555,1,2024-03-02T22:23:20.000Z,https://universalis.app/market/1659
5436,Aldgoat Horn,Sa'ab Draken,250000,1,2024-03-10T10:00:47.000Z,https://universalis.app/market/5436
1663,Cobalt Winglet,Natasha Yaroslav,55555,1,2024-03-01T22:15:10.000Z,https://universalis.app/market/1663
5374,Mahogany Lumber,Lotus Hastur,3500,1,2024-02-24T14:09:59.000Z,https://universalis.app/market/5374
5465,Sunrise Tellin,Persian Ryu,1000,3,2024-03-19T17:33:05.000Z,https://universalis.app/market/5465
5505,Horn Glue,L'unar Amariyo,4900,1,2024-03-01T05:36:36.000Z,https://universalis.app/market/5505
1666,Giantsgall Longsword,Miran Savae,7900,1,2024-03-12T12:45:23.000Z,https://universalis.app/market/1666
18,Lightning Cluster,Ateta Stromlance,450,600,2024-02-28T22:52:41.000Z,https://universalis.app/market/18
19,Water Cluster,Vulle Rehw,2000,5,2024-03-13T15:21:30.000Z,https://universalis.app/market/19
7620,Diluted Vitriol,Lilaka Mirepoix,201,9,2024-03-20T22:25:39.000Z,https://universalis.app/market/7620
1670,Aeolian Scimitar,Ahri Leagus,99470,1,2024-02-26T00:15:52.000Z,https://universalis.app/market/1670
1636,Blunt Aeolian Scimitar,Guan Hollow,2000,1,2024-02-25T18:59:05.000Z,https://universalis.app/market/1636
5061,Darksteel Nugget,Roomie Tealeaf,20003,1,2024-03-15T13:28:38.000Z,https://universalis.app/market/5061
1673,Mailbreaker,Anya Dawnblade,8500,1,2024-03-22T05:51:22.000Z,https://universalis.app/market/1673
14,Fire Cluster,Alistair Siegfried,2000,2,2024-03-20T05:03:43.000Z,https://universalis.app/market/14
17,Earth Cluster,Dusk Umbra,395,100,2024-03-19T17:11:15.000Z,https://universalis.app/market/17
5068,Rose Gold Nugget,Reis Leone,6002,1,2024-03-21T20:28:03.000Z,https://universalis.app/market/5068
5288,Hippogryph Leather,Madam Sporks,90000,1,2024-03-16T18:13:58.000Z,https://universalis.app/market/5288
5570,Mailbreaker Blade,Tuan Nguyen,2350,1,2024-03-05T22:34:23.000Z,https://universalis.app/market/5570
1681,Bone Hora,Valgrim Nightbane,20000,1,2024-03-02T21:08:08.000Z,https://universalis.app/market/1681
5318,Animal Sinew,Kiyah Lancaster,100,99,2024-02-26T03:40:08.000Z,https://universalis.app/market/5318
1682,Leather Himantes,Tehvalis Lavigne,7995,1,2024-03-01T03:13:48.000Z,https://universalis.app/market/1682
5324,Undyed Hempen Cloth,Syrenead Huin,499,99,2024-03-06T10:05:55.000Z,https://universalis.app/market/5324
1683,Ramhorn Claws,Spikelee Meatus,450,1,2024-03-20T15:21:51.000Z,https://universalis.app/market/1683
1684,Bronze Knuckles,Anitamax Wynn,2000,1,2024-03-21T19:39:11.000Z,https://universalis.app/market/1684
1685,Hard Leather Himantes,I'm Sorry,400,1,2024-03-18T21:13:28.000Z,https://universalis.app/market/1685
1686,Brass Knuckles,Catnip Lacroix,5000,1,2024-02-25T05:25:47.000Z,https://universalis.app/market/1686
1688,Goatskin Cesti,Spllyn Iam,10000,1,2024-03-07T03:12:06.000Z,https://universalis.app/market/1688
5319,Beast Sinew,Tora Leraie,1000,1,2024-03-03T12:26:07.000Z,https://universalis.app/market/5319
1694,Spiked Knuckles,Catnip Lacroix,12000,1,2024-03-03T02:36:01.000Z,https://universalis.app/market/1694
5072,Iron Plate,S'kiya Yoru,3000,2,2024-03-12T18:26:46.000Z,https://universalis.app/market/5072
1697,Toadskin Cesti,Bean Minchester,6000,1,2024-03-03T03:38:34.000Z,https://universalis.app/market/1697
5280,Toad Leather,Lunar Crescent,4500,1,2024-03-07T08:56:28.000Z,https://universalis.app/market/5280
5320,Diremite Sinew,Rose Evelyn,10000,2,2024-03-11T06:49:35.000Z,https://universalis.app/market/5320
1699,Steel Claws,Devils Kuzunoha,12000,1,2024-03-09T07:56:35.000Z,https://universalis.app/market/1699
5073,Steel Plate,Ne Na,2000,1,2024-03-17T14:41:58.000Z,https://universalis.app/market/5073
1706,Crabshell Hora,Saige Ayers,10000,1,2024-03-07T08:21:08.000Z,https://universalis.app/market/1706
5321,Hippogryph Sinew,Yoko Taro,1000,6,2024-02-27T03:53:30.000Z,https://universalis.app/market/5321
5456,Green Megalocrab Shell,Luna Tea,1111,1,2024-03-13T17:43:48.000Z,https://universalis.app/market/5456
1708,Boarskin Himantes,Sayla Hawkwind,50000,1,2024-03-15T06:31:09.000Z,https://universalis.app/market/1708
1711,Mythril Claws,Astray Eclipse,22000,1,2024-03-03T22:14:05.000Z,https://universalis.app/market/1711
5079,Mythril Plate,Mix Wovenheart,3002,2,2024-03-02T02:35:41.000Z,https://universalis.app/market/5079
1716,Tortoiseshell Hora,Kairo Orben,12001,1,2024-03-06T02:31:36.000Z,https://universalis.app/market/1716
5322,Raptor Sinew,Reede Djt-dvre,1500,99,2024-02-25T07:56:09.000Z,https://universalis.app/market/5322
5458,Adamantoise Shell,Living Sky,90,1,2024-02-29T23:34:47.000Z,https://universalis.app/market/5458
1723,Cobalt Knuckles,Popopoki Cocopoki,55555,1,2024-03-04T08:36:32.000Z,https://universalis.app/market/1723
1728,Peisteskin Cesti,Abeline Cocoa,20000,1,2024-02-27T07:22:31.000Z,https://universalis.app/market/1728
5284,Peiste Leather,Reis Leone,990,3,2024-02-27T06:41:44.000Z,https://universalis.app/market/5284
1732,Vintage Hora,Aurora Fae,12001,1,2024-03-06T16:52:02.000Z,https://universalis.app/market/1732
1701,Chipped Hora,Living Sky,1999,1,2024-03-14T08:29:20.000Z,https://universalis.app/market/1701
5285,Raptor Leather,S'kiya Yoru,1500,10,2024-03-12T12:58:16.000Z,https://universalis.app/market/5285
1733,Cobalt Claws,Austyn Kiwamitora,39999,1,2024-03-15T03:50:50.000Z,https://universalis.app/market/1733
5074,Cobalt Plate,Depressed Kitty,4000,1,2024-03-04T07:57:09.000Z,https://universalis.app/market/5074
1736,Giantsgall Claws,Drakey Dragon,8164,1,2024-02-29T02:27:02.000Z,https://universalis.app/market/1736
1740,Wildling's Cesti,Loups Garoux,59896,1,2024-03-18T01:15:58.000Z,https://universalis.app/market/1740
10,Wind Crystal,Ruby Shoes,998,200,2024-03-18T17:51:27.000Z,https://universalis.app/market/10
5567,Bloody Cesti Covers,Aurelia Astrea,790,1,2024-03-01T02:56:10.000Z,https://universalis.app/market/5567
1743,Avengers,Solani Vale,2465,1,2024-03-03T23:23:34.000Z,https://universalis.app/market/1743
5378,Spruce Lumber,Jim Peters,5000,1,2024-02-24T00:51:11.000Z,https://universalis.app/market/5378
5571,Avenger Grips,Gwell Moko,2323,1,2024-03-06T20:20:08.000Z,https://universalis.app/market/5571
1750,Bronze War Axe,Grimm Mythos,210,1,2024-03-03T10:19:32.000Z,https://universalis.app/market/1750
1751,Bronze Labrys,Willow Rivers,1500,1,2024-03-02T23:07:13.000Z,https://universalis.app/market/1751
1752,Cloud Axe,Elva Paradyne,5000,1,2024-03-18T00:37:00.000Z,https://universalis.app/market/1752
1753,Spiked Bronze Labrys,Penelope Rosencrantz,15000,1,2024-02-26T22:26:06.000Z,https://universalis.app/market/1753
1754,Iron War Axe,Silver Yue,3000,1,2024-03-01T04:32:26.000Z,https://universalis.app/market/1754
1756,Iron Labrys,Z'nieri Liadona,5000,1,2024-02-25T02:40:02.000Z,https://universalis.app/market/1756
1758,Inferno Axe,Catherine Stanley,700000,1,2024-02-27T06:10:06.000Z,https://universalis.app/market/1758
1764,Iron Bill,Steevon Dejiki,15000,1,2024-02-25T02:25:32.000Z,https://universalis.app/market/1764
4856,Clove Oil,Alaric Lightstorm,350,1,2024-03-01T00:38:48.000Z,https://universalis.app/market/4856
5368,Yew Lumber,Aji Onishi,9998,2,2024-03-17T16:50:46.000Z,https://universalis.app/market/5368
1766,Thunderstorm Axe,Dingle Nugget,5000,1,2024-03-08T01:34:21.000Z,https://universalis.app/market/1766
5064,Silver Ingot,Deydrelithel Song,250000,2,2024-03-21T01:38:29.000Z,https://universalis.app/market/5064
1769,Spiked Steel Labrys,Isilgeim Zirnundwyn,150000,1,2024-02-29T07:21:54.000Z,https://universalis.app/market/1769
1776,Steel Bardiche,Lost Mans,17000,1,2024-03-16T01:55:15.000Z,https://universalis.app/market/1776
5405,Yew Branch,Vulle Rehw,900,13,2024-03-12T16:18:48.000Z,https://universalis.app/market/5405
1778,Steel Bhuj,Eve Stormwind,45000,1,2024-03-08T23:26:43.000Z,https://universalis.app/market/1778
1781,Spiked Mythril Labrys,Aishanni Nyx,25000,1,2024-02-28T02:28:49.000Z,https://universalis.app/market/1781
1786,Mythril Bhuj,Ishii Utatsuki,15000,1,2024-03-17T22:19:52.000Z,https://universalis.app/market/1786
1796,Buccaneer's Bardiche,Ophelie Primerain,55555,1,2024-03-02T22:23:05.000Z,https://universalis.app/market/1796
5414,Rosewood Branch,Fjohen Askirada,1000,1,2024-03-10T23:25:19.000Z,https://universalis.app/market/5414
1800,Vintage Bill,Wren Filtiarn,19999,1,2024-02-28T08:54:23.000Z,https://universalis.app/market/1800
1771,Notched Bill,Finia Xavalien,6300,1,2024-02-28T00:12:59.000Z,https://universalis.app/market/1771
1801,Demilune Bhuj,Phoenix Keahi,7500,1,2024-03-06T22:58:00.000Z,https://universalis.app/market/1801
5196,Jadeite,Kiyah Lancaster,1500,74,2024-03-12T03:52:52.000Z,https://universalis.app/market/5196
1803,Spiked Cobalt Labrys,Niviko Elusive,49000,1,2024-03-01T19:10:49.000Z,https://universalis.app/market/1803
5376,Rosewood Lumber,Michael Cousland,8999,1,2024-03-12T05:27:31.000Z,https://universalis.app/market/5376
1806,Giantsgall War Axe,Nae Pzl-builder,10000,1,2024-03-17T15:18:00.000Z,https://universalis.app/market/1806
1810,Barbarian's Bardiche,Spas Spazmattic,92900,1,2024-03-09T08:14:01.000Z,https://universalis.app/market/1810
5566,Bloody Bardiche Head,Katherine Vandesdelca,1976,1,2024-03-03T17:15:38.000Z,https://universalis.app/market/5566
1813,Rampager,Seiyoix Cloumeheaux,10000,1,2024-03-21T14:41:27.000Z,https://universalis.app/market/1813
5075,Darksteel Plate,Irie Yagami,5001,1,2024-03-14T09:03:48.000Z,https://universalis.app/market/5075
5572,Rampager Head,Gwell Moko,3000,1,2024-03-06T20:19:52.000Z,https://universalis.app/market/5572
1820,Bone Harpoon,Kohaku Kurohana,1500,1,2024-03-05T09:14:11.000Z,https://universalis.app/market/1820
5503,Animal Glue,Ginneagan M'rka,100,1,2024-03-12T08:07:37.000Z,https://universalis.app/market/5503
1821,Bronze Spear,Kohaku Kurohana,2000,1,2024-03-06T09:21:43.000Z,https://universalis.app/market/1821
5482,Fish Oil,Abelia Hawthorne,1111,1,2024-03-17T04:18:26.000Z,https://universalis.app/market/5482
1822,Ramhorn Harpoon,Yuki Oda,3000,1,2024-03-07T04:53:00.000Z,https://universalis.app/market/1822
1823,Feathered Harpoon,Spllyn Iam,4001,1,2024-03-04T20:32:23.000Z,https://universalis.app/market/1823
5352,Crow Feather,Wandering Axe,400,1,2024-03-06T06:38:21.000Z,https://universalis.app/market/5352
5433,Soiled Femur,Nai Kiba,60,20,2024-03-13T05:00:36.000Z,https://universalis.app/market/5433
1824,Brass Spear,Dunka Ccino,450,1,2024-03-09T06:16:20.000Z,https://universalis.app/market/1824
1825,Iron Spear,Eldritch Twink,5999,1,2024-03-17T19:45:27.000Z,https://universalis.app/market/1825
1827,Iron Lance,Vernaud Nox,17147,1,2024-03-13T03:33:15.000Z,https://universalis.app/market/1827
1833,Iron Guisarme,Miana Himeko,19000,1,2024-02-26T16:17:07.000Z,https://universalis.app/market/1833
1836,Silver Battle Fork,Thormod Shade,7000,1,2024-03-18T11:44:32.000Z,https://universalis.app/market/1836
5484,Crab Oil,June Cervantes,5001,1,2024-03-17T05:33:13.000Z,https://universalis.app/market/5484
1838,Steel Halberd,Cerwyn Cassidy,9000,1,2024-02-26T03:05:06.000Z,https://universalis.app/market/1838
1845,Steel Spear,Galanr Lance,999999,1,2024-03-04T20:20:28.000Z,https://universalis.app/market/1845
1847,Heavy Steel Lance,Tezca Coatl,22050,1,2024-03-02T09:00:08.000Z,https://universalis.app/market/1847
1850,Yarzonshell Harpoon,Astray Eclipse,60000,1,2024-03-01T20:05:07.000Z,https://universalis.app/market/1850
5454,Yellow Yarzon Leg,Kayuza Yayreza,1200,1,2024-03-04T00:19:55.000Z,https://universalis.app/market/5454
1855,Mythril Lance,Jessinia Saneko,29900,1,2024-03-04T03:18:12.000Z,https://universalis.app/market/1855
1862,Cobalt Halberd,Alarice Chaunollet,55554,1,2024-03-11T23:54:06.000Z,https://universalis.app/market/1862
1867,Cobalt Trident,Dima Sen'th,20000,1,2024-03-02T10:04:56.000Z,https://universalis.app/market/1867
5486,Shark Oil,Kheda'a Tayun,5000,10,2024-03-22T23:21:02.000Z,https://universalis.app/market/5486
1871,Vintage Guisarme,Micka Vezzona,4998,1,2024-03-03T02:04:43.000Z,https://universalis.app/market/1871
9,Ice Crystal,Isolla D'suno,200,100,2024-03-03T20:35:28.000Z,https://universalis.app/market/9
1840,Crooked Guisarme,Relvan Quoth,3000,1,2024-03-19T00:05:07.000Z,https://universalis.app/market/1840
1872,Hart Guisarme,Syrenead Huin,50000,1,2024-03-07T17:52:47.000Z,https://universalis.app/market/1872
1875,Giantsgall Trident,Sahz Bloodmourn,9999,1,2024-03-10T06:04:42.000Z,https://universalis.app/market/1875
1879,Champion's Lance,Rivia Clearwater,89800,1,2024-02-26T02:31:36.000Z,https://universalis.app/market/1879
5565,Bloody Lance Head,Kayuza Yayreza,13998,1,2024-03-05T02:38:38.000Z,https://universalis.app/market/5565
1882,Obelisk,Sadie Mistwalker,7999,1,2024-03-01T22:23:02.000Z,https://universalis.app/market/1882
5573,Obelisk Head,Petit Fours,3000,1,2024-03-05T16:18:06.000Z,https://universalis.app/market/5573
1891,Maple Shortbow,Pat Fenis,2499,1,2024-02-28T08:06:44.000Z,https://universalis.app/market/1891
5333,Hempen Yarn,Chansey Highwind,200,2,2024-03-11T06:02:13.000Z,https://universalis.app/market/5333
1892,Maple Longbow,Kohaku Kurohana,1000,1,2024-03-07T22:14:58.000Z,https://universalis.app/market/1892
5396,Maple Branch,Saige Ayers,250,20,2024-03-04T21:00:04.000Z,https://universalis.app/market/5396
1893,Plumed Maple Shortbow,Sparkles Stormchaser,800,1,2024-03-16T05:37:53.000Z,https://universalis.app/market/1893
5351,Cock Feather,Tabius Korinthos,400,1,2024-02-28T16:14:46.000Z,https://universalis.app/market/5351
1894,Wrapped Maple Longbow,Shinny Dancer,399,1,2024-03-16T23:43:39.000Z,https://universalis.app/market/1894
5402,Ash Branch,Seliana Roda,1000,1,2024-03-04T17:49:31.000Z,https://universalis.app/market/5402
1895,Ash Shortbow,Hima Chi,20000,1,2024-03-16T04:52:28.000Z,https://universalis.app/market/1895
1897,Elm Longbow,Anhur Xb,15995,1,2024-03-20T22:02:43.000Z,https://universalis.app/market/1897
5334,Cotton Yarn,Kaius Voidheart,4999,1,2024-03-17T00:25:54.000Z,https://universalis.app/market/5334
1899,Elm Velocity Bow,Bigbossdbz Ultima,10000,1,2024-03-16T15:15:54.000Z,https://universalis.app/market/1899
1905,Wrapped Elm Longbow,F'zhumii Lufkin,6000,1,2024-03-01T20:43:25.000Z,https://universalis.app/market/1905
1908,Ash Composite Bow,Star Cakes,25000,1,2024-03-09T16:05:51.000Z,https://universalis.app/market/1908
1915,Ash Cavalry Bow,Star Cakes,40000,1,2024-03-09T16:06:05.000Z,https://universalis.app/market/1915
5409,Oak Branch,Jerbo Ro,500,10,2024-03-13T05:50:56.000Z,https://universalis.app/market/5409
1917,Oak Longbow,Koorime Yuki,55554,1,2024-03-12T21:36:38.000Z,https://universalis.app/market/1917
5336,Linen Yarn,Elias Ultima,2000,5,2024-03-21T05:43:12.000Z,https://universalis.app/market/5336
1920,Mythril Cavalry Bow,Blitz Creech,60000,1,2024-02-24T20:22:26.000Z,https://universalis.app/market/1920
1925,Oak Composite Bow,Ariana Blazen,55555,1,2024-03-15T23:50:43.000Z,https://universalis.app/market/1925
1932,Cobalt Cavalry Bow,Khaja Mol,20092,1,2024-02-24T09:43:51.000Z,https://universalis.app/market/1932
1937,Yew Longbow,Ameline Vendhen,39900,1,2024-02-25T16:16:24.000Z,https://universalis.app/market/1937
1941,Vintage Bow,Tezca Coatl,5000,1,2024-03-14T23:31:22.000Z,https://universalis.app/market/1941
1942,Crab Bow,Prox Leaust,41915,1,2024-03-15T23:21:05.000Z,https://universalis.app/market/1942
5462,Red Coral,Reis Leone,5000,1,2024-02-24T14:07:08.000Z,https://universalis.app/market/5462
1945,Giantsgall Longbow,Lucy Wolfheart,900,1,2024-03-12T01:35:34.000Z,https://universalis.app/market/1945
1949,Longarm's Composite Bow,Ash Liliy,48299,1,2024-03-08T00:22:55.000Z,https://universalis.app/market/1949
5568,Bloody Bow Rim,Map Lock,4016,1,2024-02-24T21:29:19.000Z,https://universalis.app/market/5568
1953,Sarnga,Mjara Isshu,1375,1,2024-03-01T03:58:29.000Z,https://universalis.app/market/1953
15,Ice Cluster,Snowraven Fairwind,90,500,2024-02-27T18:47:40.000Z,https://universalis.app/market/15
16,Wind Cluster,Junior Jinx,495,100,2024-03-13T16:13:06.000Z,https://universalis.app/market/16
5574,Sarnga Limb,Endra Shorkacat,1744,2,2024-03-20T10:08:57.000Z,https://universalis.app/market/5574
1958,Maple Wand,Aisha Rashan,9999,1,2024-03-17T19:55:31.000Z,https://universalis.app/market/1958
6,Lightning Shard,Xillia Hightower,175,55,2024-03-12T23:38:44.000Z,https://universalis.app/market/6
7,Water Shard,Hayden Targaryen,175,55,2024-03-03T08:09:06.000Z,https://universalis.app/market/7
5470,Growth Formula Alpha,A'ri Tristitia,1000,1,2024-03-08T01:49:34.000Z,https://universalis.app/market/5470
1959,Whispering Maple Wand,Y'sayle Iceheart,9999,1,2024-02-26T05:51:47.000Z,https://universalis.app/market/1959
1960,Budding Maple Wand,Ahlha'ra Fulna,15000,1,2024-03-03T22:42:58.000Z,https://universalis.app/market/1960
5492,Beastkin Blood,Ms Eldari,1000,1,2024-03-18T10:29:53.000Z,https://universalis.app/market/5492
1961,Ash Wand,Fiji Miiniji,5000,1,2024-03-15T02:46:45.000Z,https://universalis.app/market/1961
5471,Growth Formula Beta,S'kiya Yoru,5999,1,2024-03-12T17:39:32.000Z,https://universalis.app/market/5471
1963,Budding Ash Wand,Courtney William,10000,1,2024-03-03T04:17:00.000Z,https://universalis.app/market/1963
1965,Whispering Ash Wand,Ime Tachibana,21531,1,2024-03-05T21:17:28.000Z,https://universalis.app/market/1965
5493,Scalekin Blood,Kayuza Yayreza,3000,1,2024-03-04T00:23:03.000Z,https://universalis.app/market/5493
1967,Yew Wand,Georgie Boy,50000,1,2024-03-11T01:46:13.000Z,https://universalis.app/market/1967
1969,Budding Yew Wand,Mikael Crucible,20000,1,2024-03-09T09:02:14.000Z,https://universalis.app/market/1969
1971,Budding Oak Wand,Bubblegum Twink,40050,1,2024-02-26T19:01:49.000Z,https://universalis.app/market/1971
4603,Hi-Potion of Mind,Cloudy Mercer,1000,1,2024-02-28T09:00:47.000Z,https://universalis.app/market/4603
1974,Wand of Frost,Austyn Kiwamitora,55000,1,2024-03-09T07:30:45.000Z,https://universalis.app/market/1974
5199,Eye of Ice,Aillorian Lorn,75,2,2024-03-14T16:40:45.000Z,https://universalis.app/market/5199
5472,Growth Formula Gamma,Conner Macleod,10000,1,2024-03-08T04:27:33.000Z,https://universalis.app/market/5472
1976,Wand of Tremors,Brent Sha,12000,1,2024-03-11T19:03:05.000Z,https://universalis.app/market/1976
5201,Eye of Earth,Map Lock,3000,1,2024-02-25T04:41:23.000Z,https://universalis.app/market/5201
1978,Wand of Tides,Ime Tachibana,25000,1,2024-03-19T19:06:55.000Z,https://universalis.app/market/1978
5203,Eye of Water,Nick Manson,502,2,2024-03-16T14:56:30.000Z,https://universalis.app/market/5203
1981,Wand of Flames,Skrully Matsuyama,9800,1,2024-02-29T02:24:17.000Z,https://universalis.app/market/1981
5198,Eye of Fire,Morna Lancaster,30000,5,2024-03-15T23:26:38.000Z,https://universalis.app/market/5198
1983,Wand of Gales,Gum Drop,19900,1,2024-03-02T20:13:18.000Z,https://universalis.app/market/1983
5200,Eye of Wind,Tomas Bombadil,4995,2,2024-03-16T04:15:19.000Z,https://universalis.app/market/5200
1985,Wand of Storms,Argo Kishimoto,5000,1,2024-03-07T15:49:06.000Z,https://universalis.app/market/1985
5202,Eye of Lightning,Ithiluin Awandal,1400,2,2024-03-17T03:07:40.000Z,https://universalis.app/market/5202
1987,Budding Rosewood Wand,Cloudy Mercer,59999,1,2024-02-28T09:01:27.000Z,https://universalis.app/market/1987
4608,Mega-Potion of Mind,Anador Tsunareada,17000,1,2024-02-24T09:40:10.000Z,https://universalis.app/market/4608
5494,Spoken Blood,Shorrrt Cipher,2500,3,2024-03-03T08:50:10.000Z,https://universalis.app/market/5494
1996,Maple Cane,Ophilia West,1000,1,2024-02-26T21:17:02.000Z,https://universalis.app/market/1996
1997,Maple Crook,Tatavachi Yayavachi,3999,1,2024-03-14T02:03:06.000Z,https://universalis.app/market/1997
1998,Ash Radical,Kaius Voidheart,3011,1,2024-03-15T02:07:50.000Z,https://universalis.app/market/1998
2000,Elm Cane,Gabriella Kiske,10000,1,2024-03-01T02:54:26.000Z,https://universalis.app/market/2000
2002,Elm Crook,Skyfox Asura,2499,1,2024-02-26T20:15:02.000Z,https://universalis.app/market/2002
2004,Yew Radical,Rin Azzy,50000,1,2024-02-24T20:05:36.000Z,https://universalis.app/market/2004
2010,Pastoral Yew Cane,Mihi Wilzuun,2000,1,2024-03-15T00:14:54.000Z,https://universalis.app/market/2010
2011,Yew Crook,Riven Zatoshi,5000,1,2024-02-25T08:42:05.000Z,https://universalis.app/market/2011
2015,Walnut Cane,Ne Na,27000,1,2024-03-04T10:43:29.000Z,https://universalis.app/market/2015
2021,Plumed Yew Crook,Lost Mans,15000,1,2024-03-19T00:15:57.000Z,https://universalis.app/market/2021
2023,Oak Radical,Georgie Boy,25000,1,2024-03-11T17:00:47.000Z,https://universalis.app/market/2023
2026,Pastoral Oak Cane,Ameline Vendhen,20000,1,2024-02-25T13:47:46.000Z,https://universalis.app/market/2026
2030,Sprouting Rosewood Radical,Eley Lalafeley,15500,1,2024-03-18T01:24:21.000Z,https://universalis.app/market/2030
2039,Jade Crook,Seren Noctis,36009,1,2024-02-26T01:41:30.000Z,https://universalis.app/market/2039
2041,Vintage Cane,Rimitsu Wintersoul,55555,1,2024-02-26T04:19:35.000Z,https://universalis.app/market/2041
2014,Splintered Cane,Tuan Nguyen,4500,1,2024-02-29T11:55:48.000Z,https://universalis.app/market/2014
2044,Pastoral Mahogany Cane,Xener Ren,16900,1,2024-03-17T17:45:25.000Z,https://universalis.app/market/2044
5335,Dew Thread,Atreus Auditore,2500,1,2024-03-13T21:14:56.000Z,https://universalis.app/market/5335
2047,Tane Mahuta,Perezident Owensito,20000,1,2024-02-26T04:55:25.000Z,https://universalis.app/market/2047
5555,Ochu Vine,U'naia Fhey,1000,2,2024-03-01T07:56:26.000Z,https://universalis.app/market/5555
2048,Giantsgall Cane,Devilslayer Soulthief,18899,1,2024-03-13T00:06:56.000Z,https://universalis.app/market/2048
7585,Mossy Stone Rod,Angela Pureheart,74,1,2024-03-01T21:00:26.000Z,https://universalis.app/market/7585
2049,Madman's Whispering Rod,Mr Kinetics,87999,1,2024-03-12T03:21:48.000Z,https://universalis.app/market/2049
12,Lightning Crystal,Lance Caln,175,55,2024-03-05T18:44:45.000Z,https://universalis.app/market/12
13,Water Crystal,Riku Hayashi,175,55,2024-03-02T01:58:46.000Z,https://universalis.app/market/13
5473,Growth Formula Delta,Kilrais Zandatsu,3421,1,2024-03-19T21:02:34.000Z,https://universalis.app/market/5473
5537,Thavnairian Mistletoe,Falfyr Krixian,300,99,2024-03-18T02:57:38.000Z,https://universalis.app/market/5537
5547,Vampire Plant,Varrik Wysell,211,2,2024-02-25T21:07:37.000Z,https://universalis.app/market/5547
2051,Alkalurops,Kagura Dekomori,15552,1,2024-03-10T19:49:36.000Z,https://universalis.app/market/2051
5575,Suspended Trillium Flower,Odin Oots,780,2,2024-03-22T15:58:28.000Z,https://universalis.app/market/5575
2056,Bone Brand,Hana Kizu,24999,1,2024-03-13T23:15:14.000Z,https://universalis.app/market/2056
5197,Marbled Eye,Alvendalf Ymir,950,10,2024-03-16T19:47:06.000Z,https://universalis.app/market/5197
2057,Copper Scepter,Silver Yue,1800,1,2024-03-01T04:31:51.000Z,https://universalis.app/market/2057
5062,Copper Ingot,Drakey Dragon,450,2,2024-02-26T04:17:52.000Z,https://universalis.app/market/5062
2058,Bronze Scepter,Soren Ganajai,450,1,2024-03-01T01:27:18.000Z,https://universalis.app/market/2058
2059,Brass Cudgel,Soren Ganajai,1000,1,2024-03-01T23:58:52.000Z,https://universalis.app/market/2059
2061,Decorated Copper Scepter,Kinn Ley,2000,1,2024-02-26T02:07:24.000Z,https://universalis.app/market/2061
5258,Ragstone Whetstone,Elias Ultima,500,3,2024-03-20T02:51:27.000Z,https://universalis.app/market/5258
2063,Wind Brand,Tabius Korinthos,30000,1,2024-02-28T15:15:44.000Z,https://universalis.app/market/2063
2066,Ice Brand,Spllyn Iam,2500,1,2024-03-09T21:23:45.000Z,https://universalis.app/market/2066
2069,Silver Scepter,Living Sky,180,1,2024-03-09T07:15:57.000Z,https://universalis.app/market/2069
5527,Brimstone,Riven Zatoshi,2499,3,2024-02-29T04:17:41.000Z,https://universalis.app/market/5527
2071,Earth Brand,Sakura Aino,25000,1,2024-03-16T11:24:16.000Z,https://universalis.app/market/2071
2076,Decorated Silver Scepter,Mona Lolimage,10000,1,2024-03-01T01:17:48.000Z,https://universalis.app/market/2076
2078,Fire Brand,Morna Lancaster,55555,1,2024-03-15T23:29:36.000Z,https://universalis.app/market/2078
2083,Lightning Brand,Ryder Darktalon,390,1,2024-02-26T00:46:15.000Z,https://universalis.app/market/2083
2088,Electrum Scepter,Tatavachi Yayavachi,1799,1,2024-03-02T21:04:53.000Z,https://universalis.app/market/2088
5489,Quicksilver,Rune Lightscale,1000,12,2024-03-08T02:36:33.000Z,https://universalis.app/market/5489
2093,Vintage Cudgel,Cutie Tiger,5000,1,2024-03-14T20:13:26.000Z,https://universalis.app/market/2093
5092,Iron Rivets,Destin Keski'a,1998,33,2024-03-03T23:13:43.000Z,https://universalis.app/market/5092
2094,Water Brand,Oberon Yllavaris,20000,1,2024-03-10T05:42:29.000Z,https://universalis.app/market/2094
2097,Jade Scepter,Lyanna Darksoul,4070,1,2024-03-17T22:25:47.000Z,https://universalis.app/market/2097
5168,Jade,Palom Mysidia,540,1,2024-03-05T09:17:10.000Z,https://universalis.app/market/5168
5439,Ogre Horn,Map Lock,150,1,2024-02-25T04:30:00.000Z,https://universalis.app/market/5439
2102,Sanguine Scepter,Almighty Poocharoo,105000,1,2024-02-26T03:34:20.000Z,https://universalis.app/market/2102
5206,Pinprick Pebble,Nayomi Demons,101,2,2024-03-18T19:53:33.000Z,https://universalis.app/market/5206
2106,Bone Staff,Petra Whitlock,1000,1,2024-03-20T20:02:39.000Z,https://universalis.app/market/2106
2107,Ramhorn Staff,Kota Horo,3450,1,2024-03-14T12:31:05.000Z,https://universalis.app/market/2107
2108,Decorated Bone Staff,Tabius Korinthos,900,1,2024-02-28T15:47:50.000Z,https://universalis.app/market/2108
5442,Bat Fang,Ravyn Thurnstone,895,3,2024-03-05T05:40:30.000Z,https://universalis.app/market/5442
2109,Toothed Ramhorn Staff,Shin Black,3500,1,2024-02-25T01:34:45.000Z,https://universalis.app/market/2109
2111,Staghorn Staff,Quix Silver,19999,1,2024-03-03T06:07:44.000Z,https://universalis.app/market/2111
2116,Sanguine Horn Staff,Aph Relia,3000,1,2024-03-16T03:30:43.000Z,https://universalis.app/market/2116
2118,Toothed Staghorn Staff,Ashe Fhuz,7375,1,2024-02-28T04:38:25.000Z,https://universalis.app/market/2118
2121,Goathorn Staff,S'kiya Yoru,15000,1,2024-03-08T14:41:20.000Z,https://universalis.app/market/2121
2123,Toothed Goathorn Staff,Dusty Bunny,10000,1,2024-03-17T04:34:14.000Z,https://universalis.app/market/2123
2125,Horn Staff,Hells Angel,42222,1,2024-03-02T00:04:12.000Z,https://universalis.app/market/2125
2133,Ivory Staff,Val Maerion,33000,1,2024-02-28T05:16:11.000Z,https://universalis.app/market/2133
2136,Giantsgall Longstaff,Lothric Parhelion,9000,1,2024-02-26T02:05:59.000Z,https://universalis.app/market/2136
2139,Astrolabe,Sho'nuff Derpdaddy,2222,1,2024-03-19T22:26:53.000Z,https://universalis.app/market/2139
5576,Astrolabe Clinometer,Aristides Skyjumper,1423,1,2024-02-25T04:12:37.000Z,https://universalis.app/market/5576
2143,Leather Grimoire,Eley Lalafeley,9999,1,2024-03-06T20:34:18.000Z,https://universalis.app/market/2143
5380,Maple Log,Prolify Qt,1000,97,2024-03-03T02:23:24.000Z,https://universalis.app/market/5380
5475,Enchanted Copper Ink,Drax Grimoire,902,1,2024-03-11T00:19:46.000Z,https://universalis.app/market/5475
2144,Maple Picatrix,Ophilia West,3900,1,2024-03-05T21:35:33.000Z,https://universalis.app/market/2144
2145,Engraved Leather Grimoire,Bry B'good,6000,1,2024-02-24T07:21:29.000Z,https://universalis.app/market/2145
5383,Ash Log,Prolify Qt,1000,82,2024-03-03T02:41:38.000Z,https://universalis.app/market/5383
2146,Ash Picatrix,Courtney William,4000,1,2024-03-03T03:44:28.000Z,https://universalis.app/market/2146
2147,Hard Leather Grimoire,Urias Yumitori,9999,1,2024-02-29T22:50:08.000Z,https://universalis.app/market/2147
5385,Elm Log,Home Depot,600,20,2024-03-08T10:50:08.000Z,https://universalis.app/market/5385
5476,Enchanted Iron Ink,Makino Yuki,1499,1,2024-03-19T10:31:05.000Z,https://universalis.app/market/5476
2149,Engraved Hard Leather Grimoire,Quix Silver,8000,1,2024-03-03T05:45:24.000Z,https://universalis.app/market/2149
5386,Yew Log,Draconis Emphira,2499,1,2024-03-03T23:48:06.000Z,https://universalis.app/market/5386
2151,Yew Picatrix,Saphiras Aurora,18021,1,2024-03-08T06:29:38.000Z,https://universalis.app/market/2151
2156,Goatskin Grimoire,Petra Whitlock,30035,1,2024-03-18T19:22:51.000Z,https://universalis.app/market/2156
5477,Enchanted Silver Ink,X'akhra Tiaque,4900,2,2024-02-25T01:58:16.000Z,https://universalis.app/market/5477
2160,Engraved Goatskin Grimoire,Rosso Rojo'rouge,25000,1,2024-03-14T02:43:30.000Z,https://universalis.app/market/2160
5388,Walnut Log,Eley Lalafeley,1000,2,2024-03-11T01:24:47.000Z,https://universalis.app/market/5388
2166,Book of Silver,Commune Tea,6000,1,2024-03-10T22:39:34.000Z,https://universalis.app/market/2166
5390,Oak Log,Yunga Shannara,425,10,2024-02-26T02:13:29.000Z,https://universalis.app/market/5390
2169,Embossed Book of Silver,Astray Eclipse,50000,1,2024-03-14T20:17:23.000Z,https://universalis.app/market/2169
2174,Book of Mythril,Bubblegum Twink,25000,1,2024-03-01T20:11:47.000Z,https://universalis.app/market/2174
5346,Flax,Oyuun Sagahl,1000,5,2024-03-19T20:17:38.000Z,https://universalis.app/market/5346
5478,Enchanted Mythril Ink,Map Lock,1000,1,2024-02-24T12:51:00.000Z,https://universalis.app/market/5478
2184,Vintage Picatrix,Spllyn Iam,30000,1,2024-03-17T03:49:36.000Z,https://universalis.app/market/2184
2158,Brittle Picatrix,Davor Zorasch,4000,1,2024-03-06T09:41:34.000Z,https://universalis.app/market/2158
2185,Book of Electrum,Spllyn Iam,11000,1,2024-03-17T04:14:32.000Z,https://universalis.app/market/2185
5337,Woolen Yarn,Jovvi Gahjewesfv,5000,1,2024-03-12T01:41:26.000Z,https://universalis.app/market/5337
5393,Rosewood Log,Halo Cupid,501,6,2024-03-03T04:45:11.000Z,https://universalis.app/market/5393
5479,Enchanted Electrum Ink,Kona Kuzakari,1500,1,2024-02-24T23:43:34.000Z,https://universalis.app/market/5479
2189,Embossed Book of Electrum,Spllyn Iam,30143,1,2024-03-17T04:14:37.000Z,https://universalis.app/market/2189
2193,Cantamina Thavnaria,Jutsu Salamander,4000,1,2024-02-29T14:03:24.000Z,https://universalis.app/market/2193
5481,Enchanted Rose Gold Ink,Scynak Brynnil,8000,4,2024-03-22T22:38:58.000Z,https://universalis.app/market/5481
2194,Medica Thavnaria,Shiki Amorii,1499,1,2024-02-26T23:26:35.000Z,https://universalis.app/market/2194
2201,Erudite's Picatrix of Healing,Visir Hyskaris,49599,1,2024-02-29T08:01:20.000Z,https://universalis.app/market/2201
5480,Enchanted Gold Ink,Rune Shawn,3200,1,2024-03-14T22:52:31.000Z,https://universalis.app/market/5480
5569,Bloody Grimoire Binding,Ririshan Rereshan,2000,1,2024-03-12T23:13:39.000Z,https://universalis.app/market/5569
2202,Erudite's Picatrix of Casting,Yoruichi Shihouin,86841,1,2024-02-24T21:30:21.000Z,https://universalis.app/market/2202
2211,Deus Ex Verbis,Y'sayle Iceheart,1697,1,2024-03-12T03:18:35.000Z,https://universalis.app/market/2211
5338,Silk Thread,Smeagol Grimnysmal,40000,1,2024-03-17T20:02:52.000Z,https://universalis.app/market/5338
2212,Deus Ex Gratia,Aly Non,17999,1,2024-02-29T20:35:20.000Z,https://universalis.app/market/2212
2219,Square Maple Shield,Ace Amorevolous,3000,1,2024-03-17T07:41:09.000Z,https://universalis.app/market/2219
5091,Bronze Rivets,Hummus Enjoyer,1000,1,2024-03-01T09:53:30.000Z,https://universalis.app/market/5091
2220,Company Escutcheon,Maya Lyr,930000,1,2024-03-18T00:49:25.000Z,https://universalis.app/market/2220
12524,Titanium Nugget,Haruna Ichikawa,12000,1,2024-03-11T10:19:40.000Z,https://universalis.app/market/12524
12529,Titanium Rivets,Starfire Bellator,20000,2,2024-03-19T20:16:56.000Z,https://universalis.app/market/12529
12658,Dusk Leather,Urvogel Teryx,439989,1,2024-02-25T13:26:30.000Z,https://universalis.app/market/12658
2226,Bronze Hoplon,Kohaku Kurohana,9999,1,2024-02-29T22:52:28.000Z,https://universalis.app/market/2226
5071,Bronze Plate,S'kiya Yoru,500,2,2024-03-12T05:50:37.000Z,https://universalis.app/market/5071
2228,Round Shield,Olivianne Vuhain,14000,1,2024-02-25T21:23:48.000Z,https://universalis.app/market/2228
2229,Leather Targe,Kurt Wagner,301,1,2024-03-16T21:17:15.000Z,https://universalis.app/market/2229
2230,Bronze Scutum,Bubeli Miyazaki,5000,1,2024-03-11T11:54:59.000Z,https://universalis.app/market/2230
2231,Bronze Buckler,Lucius Dark,38500,1,2024-03-17T10:26:08.000Z,https://universalis.app/market/2231
2233,Square Ash Shield,Kohaku Kurohana,75,1,2024-03-13T08:21:08.000Z,https://universalis.app/market/2233
2236,Iron Hoplon,Fefy Bellegarde,60000,1,2024-03-17T22:48:55.000Z,https://universalis.app/market/2236
2238,Vintage Square Shield,Zombi Ella,34999,1,2024-02-24T04:56:55.000Z,https://universalis.app/market/2238
2224,Worm-eaten Square Shield,Oro Borus,101,1,2024-03-07T14:44:06.000Z,https://universalis.app/market/2224
4859,Cider Vinegar,Inana Tumet,100,4,2024-03-16T02:56:48.000Z,https://universalis.app/market/4859
2239,Ironclad Bronze Buckler,Yvette Kaiser,5008,1,2024-03-19T22:32:20.000Z,https://universalis.app/market/2239
2241,Iron Lantern Shield,Gisela Westlake,2000,1,2024-03-10T22:52:27.000Z,https://universalis.app/market/2241
5998,Tallow Candle,Exodus Calibur,2000,1,2024-02-25T01:38:32.000Z,https://universalis.app/market/5998
2242,Iron Scutum,S'kiya Yoru,9009,1,2024-03-08T13:59:59.000Z,https://universalis.app/market/2242
2244,Vintage Hoplon,Vahlia Kane,20000000,1,2024-03-08T21:27:45.000Z,https://universalis.app/market/2244
2246,Viper-crested Round Shield,Don Giovanni,25000,1,2024-03-10T05:27:38.000Z,https://universalis.app/market/2246
2248,Iron Kite Shield,Arisa Aino,10000,1,2024-02-25T01:39:47.000Z,https://universalis.app/market/2248
2250,Goatskin Targe,Georgie Boy,50000,1,2024-03-11T01:46:31.000Z,https://universalis.app/market/2250
5093,Steel Rivets,Kasjmir Krvj'l'alia,3000,2,2024-02-28T02:55:03.000Z,https://universalis.app/market/5093
2257,Bull Hoplon,Soft Paws,10000,1,2024-03-07T00:21:29.000Z,https://universalis.app/market/2257
2260,Decorated Buckler,Astray Eclipse,20021,1,2024-03-04T20:08:05.000Z,https://universalis.app/market/2260
2262,Decorated Iron Scutum,Jenni Code,3500,1,2024-02-27T22:22:17.000Z,https://universalis.app/market/2262
2264,Vintage Buckler,Georgie Boy,10000,1,2024-03-12T10:53:53.000Z,https://universalis.app/market/2264
2268,Bladed Lantern Shield,Naru Anum,27772,1,2024-03-09T03:58:17.000Z,https://universalis.app/market/2268
2270,Raptorskin Targe,Dakota Kisaragi,38500,1,2024-02-29T02:13:16.000Z,https://universalis.app/market/2270
5099,Mythril Rivets,Maeve Quixote,4000,1,2024-03-22T01:10:26.000Z,https://universalis.app/market/5099
2278,Vintage Scutum,Leon Husbundo,10000,1,2024-02-24T04:21:30.000Z,https://universalis.app/market/2278
2232,Rusting Scutum,Map Lock,10000,1,2024-02-25T00:25:47.000Z,https://universalis.app/market/2232
2279,Cobalt Scutum,M'bae Tia,17032,1,2024-03-16T23:32:19.000Z,https://universalis.app/market/2279
5094,Cobalt Rivets,Damien Vryce,6000,3,2024-03-17T05:08:19.000Z,https://universalis.app/market/5094
2287,Eagle-crested Round Shield,Gold Hairpin,20000,1,2024-03-07T21:19:48.000Z,https://universalis.app/market/2287
2289,Vintage Round Shield,Mase Takashi,750,1,2024-02-24T18:01:18.000Z,https://universalis.app/market/2289
2237,Rotting Round Shield,Sky Eclipse,3000,1,2024-03-02T18:56:05.000Z,https://universalis.app/market/2237
5228,Ragstone,Lory Copihwesfv,201,8,2024-03-06T17:10:53.000Z,https://universalis.app/market/5228
5517,Lanolin,Reis Leone,1000,2,2024-03-21T20:28:57.000Z,https://universalis.app/market/5517
2294,Kite Shield,L'makano Qejeh,27772,1,2024-03-03T23:36:17.000Z,https://universalis.app/market/2294
2296,Cobalt Bladed Lantern Shield,Joanna Belluccia,25035,1,2024-02-25T07:09:52.000Z,https://universalis.app/market/2296
2300,Vintage Kite Shield,Ichigo Higanbana,20000,1,2024-03-13T23:54:12.000Z,https://universalis.app/market/2300
2259,Scarred Kite Shield,Jenni Code,25,1,2024-02-28T01:34:59.000Z,https://universalis.app/market/2259
2302,Darksteel Scutum,Drakey Dragon,9455,1,2024-02-29T02:14:45.000Z,https://universalis.app/market/2302
5060,Darksteel Ingot,S'kiya Yoru,10003,1,2024-03-08T14:23:15.000Z,https://universalis.app/market/5060
5095,Darksteel Rivets,Jaya Folthorne,5000,99,2024-02-24T17:19:23.000Z,https://universalis.app/market/5095
2303,Darksteel Buckler,Marinell Devotay,4500,1,2024-03-13T23:10:37.000Z,https://universalis.app/market/2303
2304,Spruce Round Shield,Marinell Devotay,5000,1,2024-03-13T23:10:11.000Z,https://universalis.app/market/2304
5379,Treated Spruce Lumber,Deevo Yunshuck,59979,1,2024-03-11T05:38:14.000Z,https://universalis.app/market/5379
2315,Bronze Saw,Elva Paradyne,4999,1,2024-03-15T05:35:27.000Z,https://universalis.app/market/2315
2316,Amateur's Saw,Midnight Darkelven,900,1,2024-02-27T12:52:38.000Z,https://universalis.app/market/2316
2317,Chocobotail Saw,M'aya Loha,496,1,2024-02-24T23:59:18.000Z,https://universalis.app/market/2317
2318,Initiate's Saw,Ariana Blazen,5000,1,2024-03-15T18:16:06.000Z,https://universalis.app/market/2318
2319,Bas-relief Iron Saw,Kosame Amagai,67899,1,2024-02-27T20:42:33.000Z,https://universalis.app/market/2319
2320,Iron Chocobotail Saw,Jessinia Saneko,10040,1,2024-03-12T03:38:39.000Z,https://universalis.app/market/2320
2321,Bas-relief Steel Saw,Lux Draken,14999,1,2024-03-14T05:06:07.000Z,https://universalis.app/market/2321
2322,Crosscut Saw,Zakiel Deathblade,4999,1,2024-03-09T01:54:38.000Z,https://universalis.app/market/2322
2323,Mythril Saw,Astray Eclipse,40000,1,2024-03-02T21:51:21.000Z,https://universalis.app/market/2323
2324,Mythril Chocobotail Saw,Lysa Striker,10000,1,2024-03-11T21:35:36.000Z,https://universalis.app/market/2324
2325,Bas-relief Cobalt Saw,Dima Sen'th,20000,1,2024-03-02T23:58:07.000Z,https://universalis.app/market/2325
2328,Amateur's Claw Hammer,Joseph Dragonknight,3000,1,2024-03-09T08:09:08.000Z,https://universalis.app/market/2328
2329,Bronze Claw Hammer,Delilah Doree,688,1,2024-02-28T02:54:30.000Z,https://universalis.app/market/2329
2331,Iron Claw Hammer,Catnip Lacroix,12019,1,2024-03-03T02:33:29.000Z,https://universalis.app/market/2331
5483,Jellyfish Humours,Maius Lux-aurelius,1101,1,2024-03-20T00:12:39.000Z,https://universalis.app/market/5483
2332,Initiate's Claw Hammer,Kosame Amagai,5000,1,2024-02-27T20:42:26.000Z,https://universalis.app/market/2332
2334,Steel Claw Hammer,Derpy Fool,68000,1,2024-02-26T05:03:07.000Z,https://universalis.app/market/2334
2335,Wrapped Steel Claw Hammer,Astray Eclipse,35444,1,2024-03-02T21:51:29.000Z,https://universalis.app/market/2335
5485,Linseed Oil,Aubrey Calpurnia,5000,4,2024-03-03T21:54:08.000Z,https://universalis.app/market/5485
2337,Mythril Claw Hammer,Ne Na,50083,1,2024-03-14T20:55:52.000Z,https://universalis.app/market/2337
2338,Cobalt Claw Hammer,Sara Sixty-nine,22107,1,2024-02-24T18:33:59.000Z,https://universalis.app/market/2338
2339,Militia Claw Hammer,Aurelia Starshine,10000,1,2024-03-03T05:37:03.000Z,https://universalis.app/market/2339
2341,Bronze Cross-pein Hammer,Willow Rivers,1000,1,2024-03-02T14:04:34.000Z,https://universalis.app/market/2341
2342,Amateur's Cross-pein Hammer,Sweet Justice,300,1,2024-03-10T15:19:04.000Z,https://universalis.app/market/2342
2343,Birdsbeak Hammer,Kikyo Yagami,750,1,2024-03-12T14:07:03.000Z,https://universalis.app/market/2343
5325,Undyed Cotton Cloth,Alvendalf Ymir,3000,6,2024-03-16T17:44:46.000Z,https://universalis.app/market/5325
2344,Iron Cross-pein Hammer,Ophelia Free,32999,1,2024-03-17T00:31:40.000Z,https://universalis.app/market/2344
2345,Initiate's Cross-pein Hammer,Alvendalf Ymir,40021,1,2024-03-17T00:26:53.000Z,https://universalis.app/market/2345
2346,Crowsbeak Hammer,Y'uumi Norra,20000,1,2024-03-12T04:15:49.000Z,https://universalis.app/market/2346
2347,Heavy Crowsbeak Hammer,Kosame Amagai,9996,1,2024-02-27T07:52:35.000Z,https://universalis.app/market/2347
5326,Undyed Velveteen,Meringue Vanille,3998,3,2024-02-28T05:40:24.000Z,https://universalis.app/market/5326
2349,Steel Crowsbeak Hammer,Bjorn Golmarr,34999,1,2024-03-11T20:34:24.000Z,https://universalis.app/market/2349
2350,Wrapped Crowsbeak Hammer,Liara Sandoval,55555,1,2024-03-05T23:27:32.000Z,https://universalis.app/market/2350
2351,Cobalt Cross-pein Hammer,Lux Draken,20000,1,2024-03-17T00:09:36.000Z,https://universalis.app/market/2351
2352,Wrapped Hawksbeak Hammer,Kosame Amagai,10110,1,2024-02-27T09:42:42.000Z,https://universalis.app/market/2352
2355,Amateur's File,Maya Mhasi,10005,1,2024-03-08T02:16:34.000Z,https://universalis.app/market/2355
2356,Bronze File,Friend Boat,1500,1,2024-03-01T00:52:23.000Z,https://universalis.app/market/2356
2358,Iron File,Alexander Nafait,4999,1,2024-03-03T00:36:20.000Z,https://universalis.app/market/2358
2359,Initiate's File,Bad Wolfy,5000,1,2024-03-18T03:29:15.000Z,https://universalis.app/market/2359
2361,Steel File,Sneaky Castro,48000,1,2024-03-05T04:50:07.000Z,https://universalis.app/market/2361
2363,Mythril File,Averidia Rune,9000,1,2024-03-10T01:06:55.000Z,https://universalis.app/market/2363
2364,Cobalt File,Sara Sixty-nine,20107,1,2024-02-24T18:31:52.000Z,https://universalis.app/market/2364
2365,Militia File,Kosame Amagai,29930,1,2024-02-27T09:43:06.000Z,https://universalis.app/market/2365
2367,Bronze Doming Hammer,Zeref' Dragneel,199,1,2024-03-15T20:41:41.000Z,https://universalis.app/market/2367
2368,Amateur's Doming Hammer,Dorian Forbess,180,1,2024-02-27T06:38:00.000Z,https://universalis.app/market/2368
2369,Bronze Raising Hammer,Zyraia Ilzekai,1044,1,2024-03-03T19:49:21.000Z,https://universalis.app/market/2369
2370,Iron Doming Hammer,Friend Boat,2500,1,2024-03-01T00:51:03.000Z,https://universalis.app/market/2370
2371,Initiate's Doming Hammer,Alexander Nafait,4999,1,2024-03-03T00:34:29.000Z,https://universalis.app/market/2371
2372,Iron Raising Hammer,Rei Tatsuya,10000,1,2024-02-28T20:05:17.000Z,https://universalis.app/market/2372
2373,Wrapped Iron Raising Hammer,Hjordis Ravnhild,746,1,2024-03-01T23:47:08.000Z,https://universalis.app/market/2373
2374,Steel Doming Hammer,Jay Onyx,5000,1,2024-03-17T03:27:55.000Z,https://universalis.app/market/2374
2375,Steel Raising Hammer,Tuan Nguyen,33074,1,2024-03-14T15:53:41.000Z,https://universalis.app/market/2375
2376,Cobalt Doming Hammer,Lux Draken,45000,1,2024-03-16T23:22:28.000Z,https://universalis.app/market/2376
2377,Cobalt Raising Hammer,Saheeli Rai,100110,1,2024-02-27T01:51:35.000Z,https://universalis.app/market/2377
2380,Amateur's Pliers,Elva Paradyne,5000,1,2024-03-14T01:19:58.000Z,https://universalis.app/market/2380
2381,Bronze Pliers,Silver Evren,576,1,2024-03-20T04:24:48.000Z,https://universalis.app/market/2381
2383,Iron Pliers,Devilslayer Soulthief,5021,1,2024-03-14T15:55:15.000Z,https://universalis.app/market/2383
2384,Initiate's Pliers,Rukia Himejima,3699,1,2024-03-09T06:29:34.000Z,https://universalis.app/market/2384
2388,Mythril Pliers,Hori Muramasa,11000,1,2024-03-07T13:51:38.000Z,https://universalis.app/market/2388
2389,Cobalt Pliers,Kosame Amagai,40000,1,2024-02-28T00:22:01.000Z,https://universalis.app/market/2389
2390,Militia Pliers,Syhrbryda Lyngmynawyn,45000,1,2024-02-29T02:00:35.000Z,https://universalis.app/market/2390
2392,Bronze Chaser Hammer,Bubeli Miyazaki,49,1,2024-03-11T11:55:16.000Z,https://universalis.app/market/2392
2394,Bronze Ornamental Hammer,Taitan Na'dal,1800,1,2024-03-03T18:45:09.000Z,https://universalis.app/market/2394
2395,Iron Chaser Hammer,Taitan Na'dal,3000,1,2024-03-03T19:05:39.000Z,https://universalis.app/market/2395
2396,Initiate's Chaser Hammer,Cole Roack,25021,1,2024-03-10T19:28:22.000Z,https://universalis.app/market/2396
2397,Iron Ornamental Hammer,Cerwyn Cassidy,7000,1,2024-02-24T23:24:00.000Z,https://universalis.app/market/2397
2398,Steel Chaser Hammer,Astray Eclipse,20046,1,2024-02-27T23:36:24.000Z,https://universalis.app/market/2398
2399,Steel Ornamental Hammer,Krysta Lightfoot,11162,1,2024-03-19T15:43:32.000Z,https://universalis.app/market/2399
2400,Mythril Ornamental Hammer,Soft Paws,10000,1,2024-03-07T00:21:16.000Z,https://universalis.app/market/2400
2401,Mythril Lapidary Hammer,Kosame Amagai,11192,1,2024-02-27T23:00:17.000Z,https://universalis.app/market/2401
2402,Electrum Lapidary Hammer,Reavy Dunsparrow,35000,1,2024-03-04T00:31:47.000Z,https://universalis.app/market/2402
5183,Tourmaline,Palom Mysidia,1000,2,2024-03-01T08:10:32.000Z,https://universalis.app/market/5183
2405,Amateur's Grinding Wheel,Vellicoeur Starstruck,1000,1,2024-02-27T04:44:16.000Z,https://universalis.app/market/2405
2406,Ragstone Grinding Wheel,Valgrim Nightbane,4000,1,2024-03-14T00:39:01.000Z,https://universalis.app/market/2406
2408,Mudstone Grinding Wheel,Riven Zatoshi,50000,1,2024-02-24T04:53:19.000Z,https://universalis.app/market/2408
5229,Mudstone,Tuan Nguyen,801,11,2024-03-06T14:33:06.000Z,https://universalis.app/market/5229
2409,Initiate's Grinding Wheel,Kohaku Kurohana,15000,1,2024-03-19T23:26:50.000Z,https://universalis.app/market/2409
2411,Siltstone Grinding Wheel,Vuli Livu,45000,1,2024-03-21T15:21:19.000Z,https://universalis.app/market/2411
5231,Siltstone,Sahz Bloodmourn,888,4,2024-03-10T07:44:30.000Z,https://universalis.app/market/5231
2413,Garnet Grinding Wheel,Dima Sen'th,12000,1,2024-02-28T05:22:02.000Z,https://universalis.app/market/2413
5134,Raw Garnet,Omni Terasu,1000,1,2024-03-08T02:16:08.000Z,https://universalis.app/market/5134
2414,Basilisk Grinding Wheel,V'kebbe The'stray,25108,1,2024-03-05T20:47:45.000Z,https://universalis.app/market/2414
5263,Basilisk Egg,Fay Ferra,500,1,2024-03-13T22:32:05.000Z,https://universalis.app/market/5263
2415,Militia Grinding Wheel,Syhrbryda Lyngmynawyn,55000,1,2024-02-29T02:00:44.000Z,https://universalis.app/market/2415
5158,Astral Rock,Palom Mysidia,490,34,2024-03-08T21:06:43.000Z,https://universalis.app/market/5158
2417,Bronze Head Knife,Kohaku Kurohana,12000,1,2024-03-07T22:14:43.000Z,https://universalis.app/market/2417
2419,Brass Head Knife,Tenysce Motif,6048,1,2024-02-24T09:21:36.000Z,https://universalis.app/market/2419
2420,Initiate's Head Knife,Kosame Amagai,11018,1,2024-02-27T07:37:52.000Z,https://universalis.app/market/2420
2421,Iron Round Knife,Chii Chii,50000,1,2024-02-25T17:06:02.000Z,https://universalis.app/market/2421
2422,Iron Head Knife,Cerwyn Cassidy,1500,1,2024-02-28T01:03:50.000Z,https://universalis.app/market/2422
2424,Steel Round Knife,Lux Draken,30000,1,2024-03-16T23:09:11.000Z,https://universalis.app/market/2424
2425,Mythril Head Knife,Ozwyn Murciel,5000,1,2024-02-26T02:50:49.000Z,https://universalis.app/market/2425
2426,Mythril Round Knife,Jovvi Gahjewesfv,20000,1,2024-03-10T22:33:01.000Z,https://universalis.app/market/2426
2427,Electrum Head Knife,Dima Sen'th,80110,1,2024-03-02T10:05:06.000Z,https://universalis.app/market/2427
2430,Amateur's Awl,Plum Plum,20000,1,2024-03-14T13:24:31.000Z,https://universalis.app/market/2430
2431,Bronze Awl,Thalis Marvell,2999,1,2024-02-25T17:03:07.000Z,https://universalis.app/market/2431
2433,Iron Awl,Shizuko Yoshioka,45000,1,2024-03-15T13:16:04.000Z,https://universalis.app/market/2433
2434,Initiate's Awl,Chii Chii,50000,1,2024-02-25T17:06:11.000Z,https://universalis.app/market/2434
2436,Steel Awl,Rei Tatsuya,15000,1,2024-03-02T20:51:55.000Z,https://universalis.app/market/2436
2437,Wrapped Steel Awl,Bud Heavy,21000,1,2024-03-06T23:30:31.000Z,https://universalis.app/market/2437
2439,Mythril Awl,Muzic Deaf,11000,1,2024-03-06T23:09:25.000Z,https://universalis.app/market/2439
2440,Cobalt Awl,Chisai Kuratta,19999,1,2024-02-25T19:16:14.000Z,https://universalis.app/market/2440
2441,Militia Awl,Syhrbryda Lyngmynawyn,17730,1,2024-02-29T02:00:52.000Z,https://universalis.app/market/2441
2444,Bat Fang Needle,Kagome Leonheart,909,1,2024-03-03T18:32:56.000Z,https://universalis.app/market/2444
2445,Amateur's Needle,Licoco Lico,450,1,2024-03-14T20:05:53.000Z,https://universalis.app/market/2445
2446,Brass Needle,Valeria Sourin,5000,1,2024-03-15T05:44:46.000Z,https://universalis.app/market/2446
2447,Initiate's Needle,Cerwyn Cassidy,7028,1,2024-02-25T19:52:50.000Z,https://universalis.app/market/2447
2448,Silver Needle,Solaara Windynn,2000,1,2024-03-05T09:45:23.000Z,https://universalis.app/market/2448
2449,Worm Fang Needle,Soft Paws,2000,1,2024-03-03T07:49:35.000Z,https://universalis.app/market/2449
5447,Sandworm Fang,Yoimiya Naganohara,500,99,2024-03-05T22:56:39.000Z,https://universalis.app/market/5447
2450,Mythril Needle,Lily Nightblessed,3000,1,2024-03-11T02:12:45.000Z,https://universalis.app/market/2450
2451,Wolf Fang Needle,Callum Agnar,30800,1,2024-03-06T03:02:41.000Z,https://universalis.app/market/2451
2452,Thousand Needle,Gisela Westlake,25000,1,2024-03-16T17:01:08.000Z,https://universalis.app/market/2452
5468,Cactuar Needle,Shor Ahamut,2500,5,2024-03-06T01:08:38.000Z,https://universalis.app/market/5468
2453,Electrum Needle,Yhuli Quhyo,4500,1,2024-03-10T18:39:01.000Z,https://universalis.app/market/2453
2456,Amateur's Spinning Wheel,Licoco Lico,110,1,2024-03-14T20:04:20.000Z,https://universalis.app/market/2456
2457,Ash Spinning Wheel,Solaara Windynn,1000,1,2024-03-05T09:00:58.000Z,https://universalis.app/market/2457
2459,Initiate's Spinning Wheel,Vulle Rehw,5000,1,2024-03-13T15:36:59.000Z,https://universalis.app/market/2459
2460,Elm Spinning Wheel,Kaius Voidheart,19998,1,2024-03-17T00:14:02.000Z,https://universalis.app/market/2460
2462,Walnut Spinning Wheel,Gold Hairpin,22000,1,2024-02-27T15:27:44.000Z,https://universalis.app/market/2462
2464,Mahogany Spinning Wheel,Cole Roack,75000,1,2024-03-09T17:38:11.000Z,https://universalis.app/market/2464
2465,Rosewood Spinning Wheel,Eluna Wormwood,26899,1,2024-02-25T01:19:26.000Z,https://universalis.app/market/2465
2466,Militia Spinning Wheel,Kiwi Froyo,35000,1,2024-03-15T03:14:51.000Z,https://universalis.app/market/2466
2468,Bronze Alembic,J'nasshym Lufkin,50000,1,2024-03-16T09:00:39.000Z,https://universalis.app/market/2468
2469,Amateur's Alembic,Kohaku Kurohana,10000,1,2024-03-05T09:13:38.000Z,https://universalis.app/market/2469
2470,Brass Alembic,Marleena Vox,9999,1,2024-03-01T19:28:34.000Z,https://universalis.app/market/2470
2471,Initiate's Alembic,Alexander Nafait,2000,1,2024-03-03T00:35:28.000Z,https://universalis.app/market/2471
2472,Iron Alembic,Friend Boat,4500,1,2024-03-03T21:29:51.000Z,https://universalis.app/market/2472
2473,Conical Alembic,Alex Era,10040,1,2024-03-20T23:57:37.000Z,https://universalis.app/market/2473
2474,Steel Alembic,Funeral Parlour,50000,1,2024-03-09T02:18:01.000Z,https://universalis.app/market/2474
2475,Silver Alembic,Friend Boat,8000,1,2024-03-07T03:24:17.000Z,https://universalis.app/market/2475
2476,Mythril Alembic,Kosame Amagai,20000,1,2024-02-27T10:09:05.000Z,https://universalis.app/market/2476
2477,Electrum Alembic,Dima Sen'th,9000,1,2024-03-03T00:00:08.000Z,https://universalis.app/market/2477
2478,Thermal Alembic,Kosame Amagai,68000,1,2024-02-27T10:23:27.000Z,https://universalis.app/market/2478
2481,Amateur's Mortar,Abraham Von-sewage,300,1,2024-03-16T17:14:27.000Z,https://universalis.app/market/2481
2484,Iron Mortar,Rathnon Windrunner,4019,1,2024-03-08T14:46:31.000Z,https://universalis.app/market/2484
2485,Initiate's Mortar,Kosame Amagai,19999,1,2024-02-27T09:51:08.000Z,https://universalis.app/market/2485
2487,Steel Mortar,Strubby Miyoshi,4999,1,2024-02-26T04:46:00.000Z,https://universalis.app/market/2487
2488,Heavy Steel Mortar,Tuan Nguyen,45000,1,2024-03-14T14:44:26.000Z,https://universalis.app/market/2488
2490,Mythril Mortar,Kosame Amagai,15000,1,2024-02-27T10:13:10.000Z,https://universalis.app/market/2490
2491,Cobalt Mortar,Dima Sen'th,20000,1,2024-03-03T00:00:03.000Z,https://universalis.app/market/2491
2492,Militia Mortar,Caoimhe Quinn,50000,1,2024-03-21T10:45:33.000Z,https://universalis.app/market/2492
2494,Bronze Skillet,J'nasshym Lufkin,15000,1,2024-03-18T20:12:56.000Z,https://universalis.app/market/2494
2495,Amateur's Skillet,Akhe Njima,8999,1,2024-03-15T23:05:12.000Z,https://universalis.app/market/2495
2496,Iron Skillet,Vandal Vlad,12000,1,2024-02-25T19:28:43.000Z,https://universalis.app/market/2496
2497,Initiate's Skillet,Gisela Westlake,4999,1,2024-03-10T22:26:16.000Z,https://universalis.app/market/2497
2498,Iron Frypan,Drakey Dragon,15000,1,2024-02-26T18:53:39.000Z,https://universalis.app/market/2498
2499,Bomb Frypan,Lost Mans,12000,1,2024-03-19T00:16:41.000Z,https://universalis.app/market/2499
5528,Bomb Ash,Violet Trayvere,500,3,2024-03-15T17:50:10.000Z,https://universalis.app/market/5528
2500,Steel Skillet,Ginko Kataribe,4800,1,2024-03-01T04:22:02.000Z,https://universalis.app/market/2500
2501,White Skillet,Cerwyn Cassidy,2862,1,2024-02-28T22:02:05.000Z,https://universalis.app/market/2501
2502,Steel Frypan,Rukia Himejima,55555,1,2024-03-04T10:01:32.000Z,https://universalis.app/market/2502
2503,Cobalt Skillet,Mudd Puppet,15000,1,2024-03-02T17:44:11.000Z,https://universalis.app/market/2503
2504,Hells' Kitchen,Ravyn Thurnstone,60110,1,2024-03-22T11:08:46.000Z,https://universalis.app/market/2504
2507,Amateur's Culinary Knife,Delilah Doree,400,1,2024-02-26T22:25:19.000Z,https://universalis.app/market/2507
2508,Bronze Culinary Knife,Vandal Vlad,10001,1,2024-02-25T18:39:53.000Z,https://universalis.app/market/2508
2510,Iron Culinary Knife,Valcatin Storm-born,5000,1,2024-03-03T23:48:00.000Z,https://universalis.app/market/2510
2511,Initiate's Culinary Knife,Fin Dei-ijla,10000,1,2024-03-13T07:57:10.000Z,https://universalis.app/market/2511
2513,Steel Culinary Knife,Zelda Faye,17500,1,2024-03-11T05:03:39.000Z,https://universalis.app/market/2513
2514,Wrapped Steel Culinary Knife,Cyles Blackheart,68000,1,2024-02-29T02:38:32.000Z,https://universalis.app/market/2514
2516,Mythril Culinary Knife,Mandas Florina,68000,1,2024-02-27T23:32:09.000Z,https://universalis.app/market/2516
2517,Cobalt Culinary Knife,Cecilia De'rose,10000,1,2024-03-11T01:30:59.000Z,https://universalis.app/market/2517
2518,Militia Culinary Knife,Cyles Blackheart,44600,1,2024-02-29T03:57:44.000Z,https://universalis.app/market/2518
2520,Bronze Pickaxe,Owl Rukh,1000,1,2024-03-10T17:27:40.000Z,https://universalis.app/market/2520
2521,Amateur's Pickaxe,Rimitsu Wintersoul,20000,1,2024-03-02T00:41:55.000Z,https://universalis.app/market/2521
2522,Plumed Bronze Pickaxe,Illidari Nightfall,9011,1,2024-03-11T23:25:32.000Z,https://universalis.app/market/2522
2523,Iron Pickaxe,Kohaku Kurohana,38118,1,2024-03-14T23:20:14.000Z,https://universalis.app/market/2523
2524,Initiate's Pickaxe,Dancing Moon,50000,1,2024-02-26T12:57:39.000Z,https://universalis.app/market/2524
2525,Iron Dolabra,Ashensky Silverfang,15000,1,2024-03-09T17:16:52.000Z,https://universalis.app/market/2525
2526,Steel Pickaxe,Velvet Ale,18000,1,2024-03-04T20:00:32.000Z,https://universalis.app/market/2526
2527,Steel Dolabra,Paradox Revrhalgor,49856,1,2024-03-17T07:46:32.000Z,https://universalis.app/market/2527
2528,Plumed Mythril Pickaxe,Aspen Winterfield,16500,1,2024-02-28T20:37:28.000Z,https://universalis.app/market/2528
5327,Undyed Linen,Map Lock,4900,5,2024-02-25T04:53:13.000Z,https://universalis.app/market/5327
2529,Cobalt Dolabra,Azrael Unknown,3000,1,2024-03-16T08:26:52.000Z,https://universalis.app/market/2529
2530,Egret Dolabra,Crystal Lotus,59999,1,2024-03-20T07:24:20.000Z,https://universalis.app/market/2530
2534,Bronze Sledgehammer,Rimitsu Wintersoul,7500,1,2024-03-02T00:41:58.000Z,https://universalis.app/market/2534
2536,Initiate's Sledgehammer,Elias Ultima,25000,1,2024-03-18T22:09:55.000Z,https://universalis.app/market/2536
2537,Iron Sledgehammer,Dancing Moon,50000,1,2024-02-26T12:57:47.000Z,https://universalis.app/market/2537
2539,Steel Sledgehammer,Vermili Heartwright,50000,1,2024-02-25T01:55:43.000Z,https://universalis.app/market/2539
2540,Wrapped Steel Sledgehammer,Zel Vongul,50059,1,2024-03-17T04:31:05.000Z,https://universalis.app/market/2540
2542,Mythril Sledgehammer,Raziel Cyridania,20000,1,2024-03-09T17:22:00.000Z,https://universalis.app/market/2542
2543,Cobalt Sledgehammer,Zarah Ellismarrah,45000,1,2024-02-27T08:32:26.000Z,https://universalis.app/market/2543
2544,Militia Sledgehammer,Angel Lightborn,50000,1,2024-02-26T00:31:35.000Z,https://universalis.app/market/2544
2546,Bronze Hatchet,Kohaku Kurohana,100000,1,2024-03-02T21:30:51.000Z,https://universalis.app/market/2546
2547,Amateur's Hatchet,Col Palmeri,824,1,2024-03-09T16:43:03.000Z,https://universalis.app/market/2547
2548,Iron Hatchet,Ophelia Free,500,1,2024-03-17T00:42:56.000Z,https://universalis.app/market/2548
2549,Initiate's Hatchet,Vyktoria Bjarga,1250,1,2024-02-25T12:48:15.000Z,https://universalis.app/market/2549
2550,Brass Hatchet,Vuli Livu,50000,1,2024-03-02T22:05:09.000Z,https://universalis.app/market/2550
2551,Plumed Iron Hatchet,Silandra Mol,55555,1,2024-03-15T14:00:40.000Z,https://universalis.app/market/2551
5359,Chocobo Feather,Orion Moonchild,2500,10,2024-02-25T10:14:00.000Z,https://universalis.app/market/5359
2552,Steel Hatchet,Vernier Verselis,5000,1,2024-03-16T08:55:48.000Z,https://universalis.app/market/2552
2553,Plumed Steel Hatchet,Muxxic Yomby,3125,1,2024-02-24T22:36:48.000Z,https://universalis.app/market/2553
2554,Mythril Hatchet,Velvet Ale,10000,1,2024-03-02T03:15:07.000Z,https://universalis.app/market/2554
2555,Cobalt Hatchet,Noxus Aurelius,5000,1,2024-03-04T07:19:30.000Z,https://universalis.app/market/2555
2556,Horned Hatchet,Jovvi Gahjewesfv,59999,1,2024-03-10T22:31:20.000Z,https://universalis.app/market/2556
2560,Bronze Scythe,Miki Chinen,2500,1,2024-02-25T11:06:18.000Z,https://universalis.app/market/2560
2562,Iron Scythe,Meara Hera,19018,1,2024-02-25T01:20:35.000Z,https://universalis.app/market/2562
2563,Initiate's Scythe,Skyfox Asura,5000,1,2024-03-06T00:51:59.000Z,https://universalis.app/market/2563
2565,Steel Scythe,Autumn Drake,30001,1,2024-03-21T21:28:09.000Z,https://universalis.app/market/2565
2566,Wrapped Steel Scythe,Hjordis Ravnhild,12000,1,2024-03-02T04:46:13.000Z,https://universalis.app/market/2566
2568,Mythril Scythe,Irie Yagami,68000,1,2024-02-26T10:24:01.000Z,https://universalis.app/market/2568
2570,Militia Scythe,Ajna Lotus,99930,1,2024-02-25T23:35:01.000Z,https://universalis.app/market/2570
2572,Maple Fishing Rod,Zakhiri Ryzen,8000,1,2024-03-01T21:43:07.000Z,https://universalis.app/market/2572
2573,Amateur's Fishing Rod,Drakken Windsor,800,1,2024-03-03T19:31:11.000Z,https://universalis.app/market/2573
2574,Elm Fishing Rod,Roku Jenzaisch,4999,1,2024-02-25T08:50:39.000Z,https://universalis.app/market/2574
2575,Initiate's Fishing Rod,Lost Mans,5000,1,2024-03-13T01:43:19.000Z,https://universalis.app/market/2575
2576,Yew Fishing Rod,J'nasshym Lufkin,50000,1,2024-03-16T09:00:27.000Z,https://universalis.app/market/2576
2577,Staghorn Fishing Rod,Galvin Swiftheart,5668,1,2024-03-03T01:43:39.000Z,https://universalis.app/market/2577
2578,Walnut Fishing Rod,Starfire Bellator,100000,1,2024-03-11T23:07:30.000Z,https://universalis.app/market/2578
2579,Horn Fishing Rod,Mimik'u Miku,5000,1,2024-03-13T13:39:46.000Z,https://universalis.app/market/2579
2580,Mahogany Fishing Rod,Cloudy Mercer,4999,1,2024-03-09T07:31:43.000Z,https://universalis.app/market/2580
2581,Rosewood Fishing Rod,Keiten Kurogane,20000,1,2024-03-10T00:03:19.000Z,https://universalis.app/market/2581
2582,Gilded Rosewood Fishing Rod,Penelope Paprikash,49999,1,2024-02-26T00:05:54.000Z,https://universalis.app/market/2582
2588,Crayfish Ball,Tukty Darkew,400,10,2024-03-10T03:51:19.000Z,https://universalis.app/market/2588
4825,Rye Flour,Charlie Manson,400,2,2024-02-29T21:49:27.000Z,https://universalis.app/market/4825
4925,Crayfish,J'nasshym Lufkin,11001,10,2024-03-15T17:52:56.000Z,https://universalis.app/market/4925
2589,Goby Ball,Krusos Aureus,1800,11,2024-03-17T02:56:20.000Z,https://universalis.app/market/2589
4931,Dusk Goby,Roomie Tealeaf,4000,4,2024-02-26T12:18:02.000Z,https://universalis.app/market/4931
2593,Crab Ball,Jagannath Dragonheart,47,99,2024-03-11T15:20:29.000Z,https://universalis.app/market/2593
4880,Helmet Crab,Georgie Boy,6000,1,2024-03-11T18:27:24.000Z,https://universalis.app/market/4880
2595,Bass Ball,Claymore Darkstone,20,50,2024-03-06T18:32:57.000Z,https://universalis.app/market/2595
4826,Sunset Wheat Flour,Vasella Ontagini,1000,1,2024-02-29T00:28:01.000Z,https://universalis.app/market/4826
4959,Dark Bass,Glam Orous,5000,2,2024-03-08T09:13:14.000Z,https://universalis.app/market/4959
2598,Herring Ball,Claymore Darkstone,100,99,2024-03-06T16:25:41.000Z,https://universalis.app/market/2598
4895,Indigo Herring,Shiro Aichaku,1000,4,2024-02-25T20:21:56.000Z,https://universalis.app/market/4895
2610,Chocobo Fly,Zelda Faye,1000,4,2024-02-25T19:15:59.000Z,https://universalis.app/market/2610
2611,Floating Minnow,Mo'ni Ka,290,15,2024-03-04T22:18:19.000Z,https://universalis.app/market/2611
2612,Brass Spoon Lure,Vellicoeur Starstruck,99,3,2024-03-02T15:34:59.000Z,https://universalis.app/market/2612
2614,Crow Fly,Nytdawn Moon,1501,4,2024-02-29T04:31:19.000Z,https://universalis.app/market/2614
2615,Silver Spoon Lure,Gold Hairpin,60,3,2024-02-29T17:16:11.000Z,https://universalis.app/market/2615
2616,Steel Jig,Ceawlin Kazue,5000,1,2024-03-16T06:00:35.000Z,https://universalis.app/market/2616
2617,Sinking Minnow,Rose Evelyn,5999,1,2024-03-17T04:13:12.000Z,https://universalis.app/market/2617
2618,Snurble Fly,Wind Tempos,4500,5,2024-02-29T20:40:49.000Z,https://universalis.app/market/2618
5349,Snurble Tufts,Reis Leone,1251,5,2024-02-24T13:53:25.000Z,https://universalis.app/market/5349
2619,Heavy Steel Jig,Mendo Sumi,4000,10,2024-02-28T00:07:12.000Z,https://universalis.app/market/2619
2620,Spinner,Frej Ei'kahn,5000,25,2024-03-07T07:25:57.000Z,https://universalis.app/market/2620
4900,Whitelip Oyster,Morna Lancaster,8796,17,2024-03-15T23:12:44.000Z,https://universalis.app/market/4900
2622,Mythril Spoon Lure,Dino Punch-kick,681,20,2024-02-24T15:54:19.000Z,https://universalis.app/market/2622
2623,Wildfowl Fly,Eley Lalafeley,2000,5,2024-03-06T02:23:34.000Z,https://universalis.app/market/2623
2624,Topwater Frog,Doctor Bedlam,5000,5,2024-03-02T02:47:24.000Z,https://universalis.app/market/2624
2625,Rainbow Spoon Lure,Mo'ni Ka,4000,5,2024-02-28T04:24:09.000Z,https://universalis.app/market/2625
5466,Blacklip Oyster,Katarina Powers,5000,5,2024-03-11T01:45:41.000Z,https://universalis.app/market/5466
2626,Spinnerbait,Calm Komeine,5000,5,2024-02-28T14:11:49.000Z,https://universalis.app/market/2626
5329,Undyed Felt,Mizuiru Mcbungus,10000,15,2024-02-27T21:16:50.000Z,https://universalis.app/market/5329
2627,Streamer,Xelcarina Taiklow,3000,5,2024-03-20T05:36:23.000Z,https://universalis.app/market/2627
2628,Yumizuno,Verona Void,5000,5,2024-02-24T04:40:54.000Z,https://universalis.app/market/2628
2629,Hempen Coif,Kaelyn Aelys,5000,1,2024-03-02T04:27:53.000Z,https://universalis.app/market/2629
2630,Hempen Coif of Gathering,Jagannath Dragonheart,10000,1,2024-03-09T14:40:12.000Z,https://universalis.app/market/2630
2631,Leather Calot,Amh Lufkin,99999,1,2024-03-03T13:08:12.000Z,https://universalis.app/market/2631
12590,Ramie Cloth,Astray Eclipse,23420,3,2024-03-05T20:57:57.000Z,https://universalis.app/market/12590
12595,Ramie Thread,Tyri Sakimuri,4990,15,2024-03-05T20:28:43.000Z,https://universalis.app/market/12595
2652,Hempen Bandana,Zakhiri Ryzen,9999,1,2024-03-01T21:43:48.000Z,https://universalis.app/market/2652
2653,Leather Eyepatch,Zyraia Ilzekai,4999,1,2024-02-24T08:11:37.000Z,https://universalis.app/market/2653
2654,Hard Leather Pot Helm,Miya Anyo,1998,1,2024-03-01T22:45:10.000Z,https://universalis.app/market/2654
2655,Hempen Hat,Astray Eclipse,5000,1,2024-02-28T00:05:09.000Z,https://universalis.app/market/2655
2656,Bronze Chain Coif,Catnip Lacroix,1500,1,2024-03-04T23:41:59.000Z,https://universalis.app/market/2656
5081,Bronze Rings,Cynothoglys Fenric,50,2,2024-03-18T14:49:45.000Z,https://universalis.app/market/5081
2658,Straw Hat,Owl Rukh,10000,1,2024-03-10T17:28:34.000Z,https://universalis.app/market/2658
5342,Straw,Calilo Fck,1200,20,2024-03-17T17:04:15.000Z,https://universalis.app/market/5342
2660,Amateur's Headgear,Friend Boat,798,1,2024-03-01T23:09:57.000Z,https://universalis.app/market/2660
2661,Amateur's Hempen Coif,Bry B'good,7500,1,2024-02-24T07:15:48.000Z,https://universalis.app/market/2661
2662,Bronze Sallet,Elelfi Elfi,5211,1,2024-02-24T05:25:16.000Z,https://universalis.app/market/2662
2663,Stablemaid's Hat,Ty Lockhart,6000,1,2024-03-06T00:46:59.000Z,https://universalis.app/market/2663
5540,Carnation,Eley Lalafeley,140,1,2024-03-10T17:50:46.000Z,https://universalis.app/market/5540
2664,Bronze Barbut,Lucius Dark,3355,1,2024-03-17T10:23:06.000Z,https://universalis.app/market/2664
2665,Cotton Turban,Meringue Vanille,6500,1,2024-02-28T04:55:40.000Z,https://universalis.app/market/2665
2666,Stablehand's Hat,About Blank,10000,1,2024-03-21T21:41:03.000Z,https://universalis.app/market/2666
2668,Brass Spectacles,Kere Torioi,15899,1,2024-02-25T05:17:22.000Z,https://universalis.app/market/2668
5512,Clear Glass Lens,Ahlha'ra Fulna,995,1,2024-03-03T22:41:17.000Z,https://universalis.app/market/5512
2669,Hard Leather Eyepatch,Vyn Dyctyve,489,1,2024-03-04T17:45:13.000Z,https://universalis.app/market/2669
2670,Cotton Scarf,Zakarsis M'oonstalker,18000000,1,2024-03-17T04:04:34.000Z,https://universalis.app/market/2670
2672,Hard Leather Skullcap,Arnet Atoel,2007,1,2024-03-13T19:13:56.000Z,https://universalis.app/market/2672
2673,Bronze Celata,Bad Guy,600,1,2024-03-07T00:35:20.000Z,https://universalis.app/market/2673
2675,Ash Mask,Lydia Xymox,3000000,1,2024-03-17T13:38:52.000Z,https://universalis.app/market/2675
2677,Hunting Hat,Alt Two,1026,1,2024-03-14T02:10:05.000Z,https://universalis.app/market/2677
2680,Decorated Bronze Barbut,Fefy Bellegarde,112000,1,2024-03-17T22:47:23.000Z,https://universalis.app/market/2680
2685,Brass Circlet (Sunstone),Tabius Korinthos,3900,1,2024-02-28T16:24:55.000Z,https://universalis.app/market/2685
5169,Sunstone,Azena Hatasashi,780,1,2024-03-07T21:11:25.000Z,https://universalis.app/market/5169
2687,Brass Circlet (Danburite),Astray Eclipse,25000,1,2024-02-25T00:01:49.000Z,https://universalis.app/market/2687
5170,Danburite,Hina Katsura,211,8,2024-03-05T15:29:47.000Z,https://universalis.app/market/5170
2689,Brass Circlet (Malachite),Bjorn Golmarr,307,1,2024-03-03T12:06:53.000Z,https://universalis.app/market/2689
5171,Malachite,Yam Stick,1001,1,2024-03-21T04:42:35.000Z,https://universalis.app/market/5171
2691,Brass Circlet (Sphene),Bjorn Golmarr,800,1,2024-03-04T02:28:29.000Z,https://universalis.app/market/2691
5172,Sphene,River Pond,205,21,2024-02-28T12:08:23.000Z,https://universalis.app/market/5172
2693,Brass Circlet (Fluorite),Kinn Ley,908,1,2024-02-24T15:23:47.000Z,https://universalis.app/market/2693
5173,Fluorite,Anaximander Aletheia,200,1,2024-03-20T08:23:09.000Z,https://universalis.app/market/5173
5174,Lapis Lazuli,Ovan Shimiya,15000,2,2024-03-03T22:34:25.000Z,https://universalis.app/market/5174
2697,Goatskin Pot Helm,Tech Gawd,26750,1,2024-03-17T17:19:11.000Z,https://universalis.app/market/2697
2699,Cotton Coif,Confsed Logic,2500,1,2024-03-17T22:59:20.000Z,https://universalis.app/market/2699
2700,Cotton Coif of Gathering,Dorfstance Lil'pants,25000,1,2024-03-13T14:13:15.000Z,https://universalis.app/market/2700
2703,Ash Mask (Lapis Lazuli),King Cottontail,14000,1,2024-02-26T21:46:59.000Z,https://universalis.app/market/2703
2708,Iron Sallet,Galin Malin,800,1,2024-03-06T02:53:36.000Z,https://universalis.app/market/2708
2710,Goatskin Eyepatch,Valcatin Storm-born,8000,1,2024-03-18T08:19:49.000Z,https://universalis.app/market/2710
2712,Iron Celata,Schramm Walker,35000,1,2024-02-24T22:54:29.000Z,https://universalis.app/market/2712
5082,Iron Rings,Jay Gonzo,500,8,2024-02-29T18:43:50.000Z,https://universalis.app/market/5082
2714,Initiate's Headgear,Oliphae Stormwind,50000,1,2024-03-01T01:04:08.000Z,https://universalis.app/market/2714
2719,Cotton Sugarloaf Hat,Wubby Boo,50000000,1,2024-02-28T07:42:22.000Z,https://universalis.app/market/2719
2723,Iron Elmo,Steevon Dejiki,50000,1,2024-02-25T02:22:22.000Z,https://universalis.app/market/2723
2725,Reinforced Iron Sallet,Kohaku Kurohana,30000,1,2024-03-17T16:26:09.000Z,https://universalis.app/market/2725
2727,Velveteen Bandana,Darkest Rose,25500,1,2024-03-05T07:07:50.000Z,https://universalis.app/market/2727
2728,Silver Spectacles,Maya Lyr,40000,1,2024-03-15T11:49:00.000Z,https://universalis.app/market/2728
2729,Velveteen Turban,Alt Two,25000,1,2024-03-20T01:35:55.000Z,https://universalis.app/market/2729
2731,Silver Magnifiers,Fin Dei-ijla,10000,1,2024-03-13T07:58:10.000Z,https://universalis.app/market/2731
2733,Velveteen Wedge Cap of Crafting,Solaara Windynn,10499,1,2024-03-05T09:44:18.000Z,https://universalis.app/market/2733
2734,Velveteen Wedge Cap of Gathering,Riven Zatoshi,35019,1,2024-02-29T04:20:41.000Z,https://universalis.app/market/2734
2735,Silver Circlet (Garnet),Notion Rain,50000000,1,2024-02-26T00:25:01.000Z,https://universalis.app/market/2735
5175,Garnet,Astro Bun,60,5,2024-03-22T23:00:12.000Z,https://universalis.app/market/5175
2737,Silver Circlet (Goshenite),Nella Candlewick,1200,1,2024-03-06T02:58:55.000Z,https://universalis.app/market/2737
5176,Goshenite,Vasella Ontagini,899,1,2024-02-28T23:01:37.000Z,https://universalis.app/market/5176
2739,Silver Circlet (Peridot),Fabien Lebarde,24000,1,2024-03-12T12:54:43.000Z,https://universalis.app/market/2739
5177,Peridot,Tuan Nguyen,454,2,2024-03-13T14:57:07.000Z,https://universalis.app/market/5177
2741,Silver Circlet (Heliodor),About Blank,1000,1,2024-03-08T03:12:42.000Z,https://universalis.app/market/2741
5178,Heliodor,Oyuun Sagahl,350,3,2024-03-14T21:17:49.000Z,https://universalis.app/market/5178
2743,Silver Circlet (Amethyst),Hjordis Ravnhild,1000,1,2024-02-29T22:21:50.000Z,https://universalis.app/market/2743
5179,Amethyst,Mjara Rose,600,2,2024-02-24T22:25:34.000Z,https://universalis.app/market/5179
2745,Silver Circlet (Aquamarine),Arc Wind,25000,1,2024-03-11T01:51:40.000Z,https://universalis.app/market/2745
5180,Aquamarine,Shin Bye,200,1,2024-03-02T03:10:31.000Z,https://universalis.app/market/5180
2750,Velveteen Beret,Imma'b Deleveled,40023,1,2024-03-16T15:50:20.000Z,https://universalis.app/market/2750
5343,Cotton Boll,Xau Relanah,1000,20,2024-03-08T02:57:45.000Z,https://universalis.app/market/5343
5355,Dodo Feather,Xau Relanah,30000,67,2024-03-08T02:08:38.000Z,https://universalis.app/market/5355
2753,Steel Sallet,Teraru Darkmoon,39999,1,2024-02-25T06:36:26.000Z,https://universalis.app/market/2753
2755,Steel Celata,Relle Silvara,27000,1,2024-03-16T03:46:00.000Z,https://universalis.app/market/2755
2757,Vintage Celata,Rigby Pantoja,34999,1,2024-02-26T01:49:23.000Z,https://universalis.app/market/2757
2667,Dented Celata,Map Lock,1000,1,2024-02-25T00:19:00.000Z,https://universalis.app/market/2667
2758,Steel Goggles,Sadie Mistwalker,35500,1,2024-02-24T06:01:30.000Z,https://universalis.app/market/2758
2763,Velveteen Sugarloaf Hat,Sakura Aino,80028,1,2024-03-16T11:23:33.000Z,https://universalis.app/market/2763
2765,Steel Elmo,Kagome Leonheart,49831,1,2024-03-21T00:01:05.000Z,https://universalis.app/market/2765
2767,Skull Eyepatch,Iphian Neira,29930,1,2024-02-26T14:20:58.000Z,https://universalis.app/market/2767
2769,Mythril Magnifiers,Y'uumi Norra,23000,1,2024-03-13T04:31:42.000Z,https://universalis.app/market/2769
2774,Mythril Spectacles,Tuan Nguyen,20047,1,2024-03-13T14:44:37.000Z,https://universalis.app/market/2774
2776,Linen Turban,Lyra Abyss,40033,1,2024-03-17T00:47:42.000Z,https://universalis.app/market/2776
2778,Angler's Hat,Snow Ash,80037,1,2024-02-29T12:02:22.000Z,https://universalis.app/market/2778
2779,Linen Hat,Hoban Washburne,70000,1,2024-03-09T22:38:42.000Z,https://universalis.app/market/2779
2785,Vintage Chef's Hat,French Onion-dip,24500,1,2024-02-29T12:23:43.000Z,https://universalis.app/market/2785
2657,Ripped Chef's Hat,Jiraiya Sluger,9999,1,2024-03-11T21:46:18.000Z,https://universalis.app/market/2657
2786,Steel Barbut,Sadie Mistwalker,20000,1,2024-02-25T00:22:24.000Z,https://universalis.app/market/2786
2788,Boarskin Pot Helm,Ophelie Primerain,60040,1,2024-03-01T21:35:32.000Z,https://universalis.app/market/2788
2790,Mythril Circlet (Rubellite),Lunafreyaa Noxfleuret,40898,1,2024-03-01T00:24:42.000Z,https://universalis.app/market/2790
5181,Rubellite,Lucio Dossantos,2000,1,2024-03-08T22:44:14.000Z,https://universalis.app/market/5181
2792,Mythril Circlet (Zircon),Imagine Stars,25000,1,2024-02-24T16:34:42.000Z,https://universalis.app/market/2792
5182,Zircon,Aedric Smithy,1000,1,2024-02-26T15:32:55.000Z,https://universalis.app/market/5182
2794,Mythril Circlet (Tourmaline),Mizuno Kai,13998,1,2024-03-12T10:54:37.000Z,https://universalis.app/market/2794
2796,Mythril Circlet (Amber),Maiden Heaven,19999,1,2024-02-24T19:21:41.000Z,https://universalis.app/market/2796
5184,Amber,Shin Bye,4000,1,2024-03-02T03:10:55.000Z,https://universalis.app/market/5184
2798,Mythril Circlet (Spinel),Blitz Creech,44990,1,2024-02-24T20:22:53.000Z,https://universalis.app/market/2798
5185,Spinel,Ozwyn Murciel,1000,1,2024-02-28T02:24:11.000Z,https://universalis.app/market/5185
2800,Mythril Circlet (Turquoise),Alexis Lacuna,1000,1,2024-03-05T14:11:06.000Z,https://universalis.app/market/2800
5186,Turquoise,Map Lock,1000,2,2024-02-25T18:24:31.000Z,https://universalis.app/market/5186
2802,Mythril Elmo,Caffeine Central,100041,1,2024-02-29T07:46:32.000Z,https://universalis.app/market/2802
2804,Linen Wedge Cap of Crafting,Arfur Foulkesaycke,7000,1,2024-02-25T23:58:16.000Z,https://universalis.app/market/2804
2805,Linen Wedge Cap of Gathering,Smug Tsumugi,8040,1,2024-02-24T02:03:49.000Z,https://universalis.app/market/2805
2806,Woolen Coif,Phenotype Lizardking,21000,1,2024-03-08T03:43:03.000Z,https://universalis.app/market/2806
5328,Undyed Woolen Cloth,Kayuza Yayreza,15001,4,2024-03-21T03:49:36.000Z,https://universalis.app/market/5328
2808,Woolen Coif of Gathering,Rei Tatsuya,24000,1,2024-03-18T21:02:59.000Z,https://universalis.app/market/2808
2810,Woolen Turban,Muzic Deaf,20000,1,2024-03-04T07:53:35.000Z,https://universalis.app/market/2810
2812,Mythril Celata,Z'lele Arda,25000,1,2024-03-01T05:48:55.000Z,https://universalis.app/market/2812
5089,Mythril Rings,Gold Hairpin,350,1,2024-02-24T15:06:53.000Z,https://universalis.app/market/5089
2814,Woolen Hat,Lux Draken,70001,1,2024-03-16T23:23:43.000Z,https://universalis.app/market/2814
2816,Linen Deerstalker,Sol Firemage,30000,1,2024-03-13T21:24:33.000Z,https://universalis.app/market/2816
2817,Mythril Barbut,Mirabelle Iris,30000,1,2024-03-16T00:33:11.000Z,https://universalis.app/market/2817
2819,Mythril Mesail,Rose Kimiko,50000,1,2024-03-11T19:54:47.000Z,https://universalis.app/market/2819
2825,Ranger's Hat,Guan Hollow,2000,1,2024-03-12T09:57:46.000Z,https://universalis.app/market/2825
2827,Mythril Chain Coif,Pengu Keyblader,29900,1,2024-03-12T17:04:01.000Z,https://universalis.app/market/2827
2829,Woolen Beret,Osknru Xbfikm,500000000,1,2024-03-20T18:14:58.000Z,https://universalis.app/market/2829
5348,Apkallu Down,Irene Nyx,2000,1,2024-02-29T05:31:20.000Z,https://universalis.app/market/5348
2830,Reinforced Mythril Elmo,Perezident Owensito,48000,1,2024-02-25T13:40:52.000Z,https://universalis.app/market/2830
2832,Woolen Cavalier's Hat,Spllyn Iam,8000,1,2024-03-17T03:55:22.000Z,https://universalis.app/market/2832
2834,Cobalt Preserves,Meff Y-,20000,1,2024-03-02T18:01:28.000Z,https://universalis.app/market/2834
2835,Felt Coif,Meringue Vanille,19999,1,2024-02-27T20:43:30.000Z,https://universalis.app/market/2835
2837,Felt Coif of Gathering,Jay Onyx,30000,1,2024-03-17T03:24:52.000Z,https://universalis.app/market/2837
2850,Cobalt Elmo,Loija Djt-gilda,20057,1,2024-03-01T10:45:59.000Z,https://universalis.app/market/2850
2852,Felt Hat,Tabius Korinthos,15000,1,2024-02-28T17:05:29.000Z,https://universalis.app/market/2852
2854,Woolen Deerstalker,Ravyn Thurnstone,19950,1,2024-03-08T13:20:08.000Z,https://universalis.app/market/2854
2855,Vintage Jester's Cap,Fleur Fey,20000,1,2024-03-17T23:44:05.000Z,https://universalis.app/market/2855
2702,Moldering Jester's Cap,S'kiya Yoru,9990,1,2024-03-15T20:40:48.000Z,https://universalis.app/market/2702
2857,Electrum Monocle,Andrew Nullitas,33059,1,2024-03-07T10:11:02.000Z,https://universalis.app/market/2857
5087,Brass Rings,S'kiya Yoru,142,2,2024-03-19T20:04:12.000Z,https://universalis.app/market/5087
2859,Cobalt Barbut,Ladybug Kay,30000,1,2024-03-20T23:11:40.000Z,https://universalis.app/market/2859
2861,Cobalt Mesail,Sett Tayuun,50059,1,2024-03-17T21:12:06.000Z,https://universalis.app/market/2861
2862,Raptorskin Pot Helm,Ilus O'cuill,60000,1,2024-03-05T20:28:38.000Z,https://universalis.app/market/2862
2872,Electrum Circlet (Zircon),Thilly Ducky,32000,1,2024-02-25T04:16:38.000Z,https://universalis.app/market/2872
2874,Electrum Circlet (Tourmaline),Heir O'doom,4000,1,2024-03-08T23:31:01.000Z,https://universalis.app/market/2874
2876,Electrum Circlet (Amber),Glungis Gagoongis,33333,1,2024-03-12T17:57:51.000Z,https://universalis.app/market/2876
2878,Electrum Circlet (Spinel),Quix Silver,44444,1,2024-03-06T04:15:24.000Z,https://universalis.app/market/2878
2882,Rainmaker's Hat,Milo Amaliana,10000,1,2024-03-08T22:23:17.000Z,https://universalis.app/market/2882
2884,Cobalt Chain Coif,Crimson Nobody,4500,1,2024-03-08T20:43:47.000Z,https://universalis.app/market/2884
5084,Cobalt Rings,Libra Halmarut,700,5,2024-03-03T19:53:28.000Z,https://universalis.app/market/5084
2886,Felt Beret,Austyn Kiwamitora,28990,1,2024-02-24T18:47:44.000Z,https://universalis.app/market/2886
2888,Vintage Coif,Mel Skyppes,32000,1,2024-02-28T13:09:19.000Z,https://universalis.app/market/2888
2891,Felt Cavalier's Hat,Iona Callon,37062,1,2024-03-04T22:54:34.000Z,https://universalis.app/market/2891
2893,Cobalt Sallet,Amai Yonagi,28063,1,2024-03-02T02:56:14.000Z,https://universalis.app/market/2893
2895,Patrician's Wedge Cap,Perezident Owensito,38000,1,2024-02-26T05:05:12.000Z,https://universalis.app/market/2895
2911,Militia Barbut,Sadie Mistwalker,8100,1,2024-03-01T22:20:48.000Z,https://universalis.app/market/2911
2912,Militia Armet,Xavier Nioh,3895,1,2024-03-11T23:16:57.000Z,https://universalis.app/market/2912
2913,Militia Hat,Belladonna Styrnlona,1999,1,2024-03-17T07:53:39.000Z,https://universalis.app/market/2913
2915,Silver Tricorne,Star Cakes,19900,1,2024-03-12T19:03:21.000Z,https://universalis.app/market/2915
5287,Uraeus Leather,S'kiya Yoru,8000,5,2024-03-12T13:12:11.000Z,https://universalis.app/market/5287
2920,Carpenter's Hood,Quillreht Pandora,19000,1,2024-03-22T22:11:52.000Z,https://universalis.app/market/2920
2921,Blacksmith's Goggles,Hayden Targaryen,21000,1,2024-03-03T21:56:53.000Z,https://universalis.app/market/2921
2922,Armorer's Visor,Sephira Nova,29999,1,2024-02-25T18:10:07.000Z,https://universalis.app/market/2922
2923,Goldsmith's Turban,Kizri Tsuki,24000,1,2024-03-04T18:48:10.000Z,https://universalis.app/market/2923
2924,Leatherworker's Hat,Jovvi Gahjewesfv,49949,1,2024-03-10T22:31:28.000Z,https://universalis.app/market/2924
2926,Alchemist's Monocle,Sidrek Horodazkar,18972,1,2024-03-01T22:35:17.000Z,https://universalis.app/market/2926
2927,Culinarian's Hat,Mudd Puppet,40000,1,2024-03-03T15:41:18.000Z,https://universalis.app/market/2927
2928,Hamlet Digger's Helmet,Aspen Winterfield,50000,1,2024-02-28T20:33:22.000Z,https://universalis.app/market/2928
2929,Hamlet Cutter's Hat,Sarah Gwillow,49966,1,2024-03-15T18:42:57.000Z,https://universalis.app/market/2929
2930,Hamlet Puller's Hat,Chiull Malqir,19999,1,2024-03-04T17:08:46.000Z,https://universalis.app/market/2930
2932,Rose Gold Circlet,Zuriel Belselrios,4475,1,2024-03-17T20:03:13.000Z,https://universalis.app/market/2932
2931,Legionary Visor,Willowgrace Riversong,50000000,1,2024-02-28T19:43:55.000Z,https://universalis.app/market/2931
5067,Rose Gold Ingot,Madam Sporks,1500,1,2024-03-16T18:11:43.000Z,https://universalis.app/market/5067
2933,Imperial Operative Tricorne,Luutani Orben,2968,1,2024-03-04T17:27:26.000Z,https://universalis.app/market/2933
2934,Imperial Operative Hat,Roo Iam,5000,1,2024-03-15T04:11:28.000Z,https://universalis.app/market/2934
2938,Gryphonskin Bandana,Bun Strife,1392,1,2024-03-03T07:31:41.000Z,https://universalis.app/market/2938
5289,Hard Hippogryph Leather,Brea Starscourge,4000,1,2024-03-13T17:23:01.000Z,https://universalis.app/market/5289
2939,Gryphonskin Hat,Merri Gold,2488,1,2024-03-15T05:10:57.000Z,https://universalis.app/market/2939
2940,Darksteel Chain Coif,Sadie Mistwalker,3282,1,2024-02-29T08:17:31.000Z,https://universalis.app/market/2940
5085,Darksteel Rings,Darius Murkhaven,404,16,2024-02-26T21:02:40.000Z,https://universalis.app/market/5085
2941,Vanya Hat of Casting,Mizuno Kai,9996,1,2024-03-13T22:00:44.000Z,https://universalis.app/market/2941
5577,Vanya Silk Hat Lining,Yuki Medamayaki,1666,1,2024-03-07T23:37:41.000Z,https://universalis.app/market/5577
2942,Vanya Hat of Healing,Shelltor De'rose,2971,1,2024-03-06T04:56:05.000Z,https://universalis.app/market/2942
2958,Hempen Dalmatica,Clown Chan,118000000,1,2024-03-02T16:29:23.000Z,https://universalis.app/market/2958
2959,Hempen Dalmatica of Gathering,Clown Chan,120000000,1,2024-02-27T18:39:16.000Z,https://universalis.app/market/2959
2960,Hempen Tunic,Ren Kenshiro,1000000,1,2024-02-29T00:02:56.000Z,https://universalis.app/market/2960
2961,Hempen Kurta,Zap Mol,10000000,1,2024-03-10T03:15:37.000Z,https://universalis.app/market/2961
2993,Company Tabard,Moonlit Lunia,1300001,1,2024-02-24T04:00:18.000Z,https://universalis.app/market/2993
2996,Hempen Undershirt,Tikah'li Mevha,9000,1,2024-02-24T22:09:43.000Z,https://universalis.app/market/2996
2997,Hempen Camise,Bellatrix Snow,30000,1,2024-03-04T02:48:27.000Z,https://universalis.app/market/2997
2999,Hempen Tabard,Caspian Vaux,80000,1,2024-03-12T15:26:20.000Z,https://universalis.app/market/2999
3000,Hempen Cowl,Pikal Kami,2998,1,2024-03-12T05:28:16.000Z,https://universalis.app/market/3000
3001,Hempen Shepherd's Tunic,Ophelia Holsos,40000,1,2024-03-07T03:14:57.000Z,https://universalis.app/market/3001
3008,Hempen Acton,Eley Lalafeley,1600,1,2024-03-04T21:33:28.000Z,https://universalis.app/market/3008
5341,Moko Grass,Cassandra Frilaix,8900000,1,2024-03-12T19:50:41.000Z,https://universalis.app/market/5341
3010,Hempen Halfrobe,Matsu Merry,25000,1,2024-03-20T00:53:11.000Z,https://universalis.app/market/3010
3011,Bronze Haubergeon,Aurora Kiri'shimaa,2121,1,2024-02-27T22:42:36.000Z,https://universalis.app/market/3011
3013,Amateur's Doublet Vest,Adisa Pawstrum,25000,1,2024-02-28T04:18:05.000Z,https://universalis.app/market/3013
3014,Amateur's Kurta,Solani Vale,10000,1,2024-02-26T05:15:44.000Z,https://universalis.app/market/3014
3015,Amateur's Dalmatica,Vandal Vlad,20000,1,2024-02-28T01:41:37.000Z,https://universalis.app/market/3015
3016,Leather Jacket,Tech Gawd,5000,1,2024-03-17T10:04:10.000Z,https://universalis.app/market/3016
3017,Hard Leather Harness,Lauri Ylonen,3509,1,2024-03-09T07:24:25.000Z,https://universalis.app/market/3017
3018,Hempen Robe,Lieselotte Sherlock,1500,1,2024-03-04T06:18:58.000Z,https://universalis.app/market/3018
3019,Hempen Doublet Vest of Crafting,Naruto Vowels,5000,1,2024-02-24T14:43:41.000Z,https://universalis.app/market/3019
3020,Hempen Doublet Vest of Gathering,Friend Boat,10000,1,2024-02-28T10:23:36.000Z,https://universalis.app/market/3020
3022,Cotton Shirt,Shinny Dancer,25000,1,2024-03-16T23:44:46.000Z,https://universalis.app/market/3022
3023,Cotton Shepherd's Tunic,Salzatore Whitlock,34500,1,2024-03-16T21:39:50.000Z,https://universalis.app/market/3023
3024,Cotton Cowl,Ifritson Firedude,7999,1,2024-03-09T22:16:11.000Z,https://universalis.app/market/3024
3026,Bronze Cuirass,Ophilia West,750,1,2024-02-28T23:03:50.000Z,https://universalis.app/market/3026
3028,Cotton Tabard,Alt Two,14013,1,2024-03-14T02:10:13.000Z,https://universalis.app/market/3028
3036,Cotton Dalmatica,Shin Black,15015,1,2024-02-25T01:34:13.000Z,https://universalis.app/market/3036
3038,Cotton Dalmatica of Gathering,Ajna Lotus,30000,1,2024-02-24T23:33:28.000Z,https://universalis.app/market/3038
3039,Cotton Acton,Meringue Vanille,400000,1,2024-02-28T05:21:11.000Z,https://universalis.app/market/3039
3041,Cotton Kurta,Illustrious Clyne,74898,1,2024-03-16T13:59:49.000Z,https://universalis.app/market/3041
3043,Goatskin Jacket,Bigbossdbz Ultima,150,1,2024-03-16T15:11:48.000Z,https://universalis.app/market/3043
3045,Iron Cuirass,Bellatrix Moonchild,5000,1,2024-03-13T19:42:33.000Z,https://universalis.app/market/3045
3050,Cotton Halfrobe,Riven Zatoshi,50000,1,2024-02-24T04:53:59.000Z,https://universalis.app/market/3050
3052,Cotton Doublet Vest of Crafting,Teddy Quack,50000,1,2024-03-04T02:13:35.000Z,https://universalis.app/market/3052
3053,Cotton Doublet Vest of Gathering,Velvet Ale,32000,1,2024-03-01T23:49:25.000Z,https://universalis.app/market/3053
3057,Iron Scale Mail,Steevon Dejiki,30000,1,2024-02-25T02:22:29.000Z,https://universalis.app/market/3057
3060,Cotton Trapper's Tunic,Ophelia Violette,9499,1,2024-03-14T04:20:07.000Z,https://universalis.app/market/3060
3062,Cotton Robe,Eliyas Krone,7700,1,2024-02-27T11:40:13.000Z,https://universalis.app/market/3062
3064,Initiate's Doublet Vest,Rukia Himejima,20000,1,2024-03-09T20:13:18.000Z,https://universalis.app/market/3064
3065,Initiate's Gown,Aris Nox,12000,1,2024-02-28T22:17:59.000Z,https://universalis.app/market/3065
3066,Velveteen Shirt,Sirius Berg,60000,1,2024-02-25T01:32:36.000Z,https://universalis.app/market/3066
3068,Heavy Iron Armor,Alt Two,20000,1,2024-03-20T01:36:09.000Z,https://universalis.app/market/3068
3076,Vintage Coatee,Fjohen Askirada,18900,1,2024-03-12T17:09:38.000Z,https://universalis.app/market/3076
3009,Moth-eaten Coatee,Jihyo Park,10000,1,2024-03-05T04:41:55.000Z,https://universalis.app/market/3009
3077,Velveteen Coatee of Crafting,Ophilia West,15000,1,2024-02-28T23:05:55.000Z,https://universalis.app/market/3077
3090,Velveteen Cowl,Snow Lilly,25000000,1,2024-03-02T22:01:11.000Z,https://universalis.app/market/3090
3092,Velveteen Coatee of Gathering,Caoimhe Quinn,20000,1,2024-03-08T18:44:10.000Z,https://universalis.app/market/3092
3096,Steel Chainmail,Karol Wojtyla,55444,1,2024-03-16T12:03:07.000Z,https://universalis.app/market/3096
5083,Steel Rings,Jay Gonzo,2499,99,2024-02-29T18:49:00.000Z,https://universalis.app/market/5083
3099,Toadskin Jerkin,Default Outfit,50000000,1,2024-02-28T23:00:23.000Z,https://universalis.app/market/3099
3100,Toadskin Jacket,Khaja Mol,55555,1,2024-03-16T11:42:21.000Z,https://universalis.app/market/3100
3102,Steel Cuirass,Astray Eclipse,25000,1,2024-03-18T20:11:52.000Z,https://universalis.app/market/3102
3104,Velveteen Gown,Shev Akunir,67999,1,2024-03-14T21:47:38.000Z,https://universalis.app/market/3104
3105,Vintage Doublet Vest,Asuna'' Yuuki,35000,1,2024-03-04T00:08:32.000Z,https://universalis.app/market/3105
3106,Velveteen Robe,Meringue Vanille,51000,1,2024-02-28T05:46:14.000Z,https://universalis.app/market/3106
3118,Steel Scale Mail,Syrenead Huin,30000,1,2024-03-05T13:38:29.000Z,https://universalis.app/market/3118
3120,Velveteen Doublet Vest of Crafting,Mo Amazin,39999,1,2024-02-28T21:49:00.000Z,https://universalis.app/market/3120
3121,Velveteen Doublet Vest of Gathering,Asuna'' Yuuki,49950,1,2024-02-29T21:27:48.000Z,https://universalis.app/market/3121
3125,Linen Shirt,Ervosa Quantillus,29999,1,2024-03-12T04:27:26.000Z,https://universalis.app/market/3125
3127,Heavy Steel Armor,D'voeva Szpirglas,13998,1,2024-03-02T15:08:35.000Z,https://universalis.app/market/3127
3131,Linen Robe,Khorso Greyden,60062,1,2024-03-03T01:00:59.000Z,https://universalis.app/market/3131
3137,Vintage Chef's Apron,Arfur Foulkesaycke,31500,1,2024-02-25T10:17:24.000Z,https://universalis.app/market/3137
3138,Boarskin Harness,Tiny Pickles,50065,1,2024-03-21T06:51:03.000Z,https://universalis.app/market/3138
3140,Linen Cowl,Eclipse Vinux,20065,1,2024-03-17T05:18:06.000Z,https://universalis.app/market/3140
3142,Horn Scale Mail,Ember Grace,25000,1,2024-03-03T17:43:43.000Z,https://universalis.app/market/3142
3144,Linen Coatee of Crafting,Naruto Vowels,65000,1,2024-03-09T15:02:28.000Z,https://universalis.app/market/3144
3145,Linen Coatee of Gathering,Zay Zzz,25000,1,2024-03-18T09:11:46.000Z,https://universalis.app/market/3145
3146,Linen Bliaud,Seymour Darkness,75071,1,2024-03-03T05:20:51.000Z,https://universalis.app/market/3146
3147,Woolen Shirt,Hongjoongie Kim,11000,1,2024-02-29T03:17:13.000Z,https://universalis.app/market/3147
3149,Mythril Cuirass,Khorso Greyden,39000,1,2024-02-25T16:27:58.000Z,https://universalis.app/market/3149
3160,Woolen Robe,Lux Draken,110000,1,2024-03-16T23:23:47.000Z,https://universalis.app/market/3160
3162,Linen Smock,Devilslayer Soulthief,35000,1,2024-03-20T02:50:02.000Z,https://universalis.app/market/3162
3163,Linen Doublet,Athena Scar,30000,1,2024-03-14T05:31:04.000Z,https://universalis.app/market/3163
3164,Vintage Scale Mail,Aleph Zero,25087,1,2024-02-29T22:35:07.000Z,https://universalis.app/market/3164
3021,Blackened Scale Mail,U'mai Gyo,44500,1,2024-03-06T17:15:31.000Z,https://universalis.app/market/3021
3165,Peisteskin Harness,Khaika Selsos,25000,1,2024-02-26T01:31:34.000Z,https://universalis.app/market/3165
3172,Ranger's Tunic,Okhi Nowwatt,23999,1,2024-03-14T21:50:02.000Z,https://universalis.app/market/3172
3174,Mythril Haubergeon,Ngha Jinjahl,35000,1,2024-03-08T23:26:07.000Z,https://universalis.app/market/3174
3176,Woolen Gown,Pochi Po,39000,1,2024-03-16T04:06:05.000Z,https://universalis.app/market/3176
3177,Boarskin Jerkin,Chii Chii,50000,1,2024-03-06T01:27:01.000Z,https://universalis.app/market/3177
3178,Woolen Bliaud,Eith Neir,3000,1,2024-02-28T03:07:10.000Z,https://universalis.app/market/3178
3180,High Mythril Armor,Dekken Blake,11111,1,2024-03-02T06:09:55.000Z,https://universalis.app/market/3180
3182,Vintage Seneschal Coatee,Muzic Deaf,50000,1,2024-03-06T23:05:21.000Z,https://universalis.app/market/3182
3098,Moth-eaten Seneschal Coatee,Otoha Kannagi,14000,1,2024-03-13T07:38:05.000Z,https://universalis.app/market/3098
3183,Tortoiseshell Scale Mail,Lockstep Ailoss,50000,1,2024-03-21T00:15:33.000Z,https://universalis.app/market/3183
3185,Felt Robe,Exodus Calibur,25000,1,2024-03-15T12:00:03.000Z,https://universalis.app/market/3185
3187,Woolen Smock,Miaomiao Chong,25995,1,2024-03-16T06:17:29.000Z,https://universalis.app/market/3187
3188,Woolen Doublet,Edenian Saren,19999,1,2024-03-14T18:35:32.000Z,https://universalis.app/market/3188
3191,Raptorskin Harness,Azie Emet,25000,1,2024-03-10T09:52:27.000Z,https://universalis.app/market/3191
3193,Woolen Cowl,Fleur Fey,19098,1,2024-03-18T00:33:39.000Z,https://universalis.app/market/3193
3201,Rainmaker's Tunic,Fidona Otoel,10000,1,2024-02-26T01:07:17.000Z,https://universalis.app/market/3201
3203,Cobalt Haubergeon,Ophelie Primerain,55555,1,2024-03-02T22:39:24.000Z,https://universalis.app/market/3203
3205,Felt Gown,Jocy Lin,20000,1,2024-03-09T15:47:00.000Z,https://universalis.app/market/3205
3206,Raptorskin Jerkin,Solani Vale,43000,1,2024-02-27T23:54:19.000Z,https://universalis.app/market/3206
3208,Vintage Robe,Brave Sparrow,40000,1,2024-02-24T05:22:14.000Z,https://universalis.app/market/3208
3209,Cobalt Cuirass,Kraureit Roreil,4999,1,2024-02-28T07:46:13.000Z,https://universalis.app/market/3209
3211,Felt Bliaud,Sakana Fish,55450,1,2024-02-29T04:47:10.000Z,https://universalis.app/market/3211
3213,Raptorskin Jacket,Oberon Yllavaris,80000,1,2024-03-05T14:38:46.000Z,https://universalis.app/market/3213
3215,Patrician's Coatee,Mudd Puppet,51000,1,2024-03-03T15:58:41.000Z,https://universalis.app/market/3215
3218,Vintage Haubergeon,Rhela Lanbatal,60105,1,2024-03-17T19:12:12.000Z,https://universalis.app/market/3218
3229,Carpenter's Gown,Quillreht Pandora,13900,1,2024-03-22T22:11:55.000Z,https://universalis.app/market/3229
3230,Blacksmith's Apron,Zelalyn Shikama,84992,1,2024-03-16T03:38:59.000Z,https://universalis.app/market/3230
3231,Armorer's Gown,Bosco Sticc,34000,1,2024-03-02T04:29:42.000Z,https://universalis.app/market/3231
3232,Goldsmith's Doublet,Kizri Tsuki,50000,1,2024-03-04T18:47:00.000Z,https://universalis.app/market/3232
3233,Leatherworker's Shirt,Jovvi Gahjewesfv,31999,1,2024-03-10T22:31:36.000Z,https://universalis.app/market/3233
3235,Alchemist's Coat,Soundcloud Busi,69799,1,2024-02-28T05:26:35.000Z,https://universalis.app/market/3235
3236,Culinarian's Apron,Sarah Gwillow,35000,1,2024-03-15T23:12:08.000Z,https://universalis.app/market/3236
3237,Miner's Shirt,Ike Gawain,70000,1,2024-03-01T18:17:29.000Z,https://universalis.app/market/3237
3238,Botanist's Doublet,Ajna Lotus,55555,1,2024-02-25T23:30:56.000Z,https://universalis.app/market/3238
3239,Fisher's Shirt,Jenny Sparks,44444,1,2024-02-25T19:14:36.000Z,https://universalis.app/market/3239
3240,Militia Robe,Bun Strife,1108,1,2024-02-25T08:11:48.000Z,https://universalis.app/market/3240
3241,Militia Cuirass,Lady Necrotica,4998,1,2024-02-26T00:32:33.000Z,https://universalis.app/market/3241
3242,Militia Harness,Bunny Gothboi,46000,1,2024-03-21T17:23:31.000Z,https://universalis.app/market/3242
3243,Mosshorn Scale Mail,Xendris Prodrolus,25000,1,2024-03-07T07:59:48.000Z,https://universalis.app/market/3243
5437,Mossy Horn,Evelynn Lucivarian,5200000,1,2024-03-06T21:06:50.000Z,https://universalis.app/market/5437
3244,Dodore Doublet,Sollaeren Guilthana,65500,1,2024-03-18T20:32:35.000Z,https://universalis.app/market/3244
5286,Dodore Leather,Ryuujin Isley,1002,3,2024-03-22T10:42:27.000Z,https://universalis.app/market/5286
3249,Imperial Operative Dalmatica,Princess Athanasia,1999,1,2024-03-03T00:31:08.000Z,https://universalis.app/market/3249
3256,Heavy Darksteel Armor,Jesting Griffin,6500,1,2024-03-20T11:43:37.000Z,https://universalis.app/market/3256
5585,Darksteel Breastplate,Mura Sanatori,2800,2,2024-03-11T22:54:51.000Z,https://universalis.app/market/5585
3257,Darksteel Haubergeon,Sadie Mistwalker,2500,1,2024-03-01T22:14:06.000Z,https://universalis.app/market/3257
5105,Garlean Steel Plate,S'kiya Yoru,29999,1,2024-03-08T14:25:00.000Z,https://universalis.app/market/5105
3258,Gryphonskin Jerkin,Cele Brimbor,4900,1,2024-03-02T22:10:26.000Z,https://universalis.app/market/3258
5290,Coeurl Fur,Eisen Yogensha,150,2,2024-02-28T03:55:36.000Z,https://universalis.app/market/5290
5581,Gryphonskin Shoulder Guards,Tristan Miller,300,1,2024-03-21T00:29:14.000Z,https://universalis.app/market/5581
3259,Gryphonskin Tunic,Jaiyi Yatomoka,6998,1,2024-03-19T21:34:26.000Z,https://universalis.app/market/3259
5104,Garlean Steel Joint,Autumn Dusk,30000,3,2024-03-13T12:25:28.000Z,https://universalis.app/market/5104
3260,Vanya Robe of Casting,Jack Diaz,2999,1,2024-02-25T13:59:23.000Z,https://universalis.app/market/3260
5578,Vanya Silk Robe Lining,S'kiya Yoru,1500,2,2024-03-16T13:34:36.000Z,https://universalis.app/market/5578
3261,Vanya Robe of Healing,Belladonna Styrnlona,1852,1,2024-03-17T08:03:05.000Z,https://universalis.app/market/3261
3274,Hempen Breeches,Kazuto Riversong,30000,1,2024-03-09T18:11:03.000Z,https://universalis.app/market/3274
