id,name,buyerName,pricePerUnit,quantity,timestamp,universalisUrl
1602,Bronze Bastard Sword,Briar Rozenkratz,48700000,1,2024-03-15T20:54:59.000Z,https://universalis.app/market/1602
2,Fire Shard,Bellatrix Snow,400,100,2024-03-20T17:40:28.000Z,https://universalis.app/market/2
5,Earth Shard,Psyconia Serio,250,100,2024-03-17T00:44:14.000Z,https://universalis.app/market/5
5056,Bronze Ingot,Rukia Himejima,600,48,2024-03-09T02:36:13.000Z,https://universalis.app/market/5056
5361,Maple Lumber,Lux Draken,2000,34,2024-03-17T00:13:33.000Z,https://universalis.app/market/5361
5432,Bone Chip,Ms Eldari,200,5,2024-03-09T04:09:22.000Z,https://universalis.app/market/5432
1603,Viking Sword,Situational Confusion,20000,1,2024-03-10T21:32:03.000Z,https://universalis.app/market/1603
5275,Leather,Shovaa Ashrak,100,13,2024-03-26T16:07:22.000Z,https://universalis.app/market/5275
1604,Ash Macuahuitl,Juniper Leigh,800,1,2024-03-06T07:21:42.000Z,https://universalis.app/market/1604
3,Ice Shard,Good Boy,175,55,2024-03-04T19:40:08.000Z,https://universalis.app/market/3
4,Wind Shard,Anon X-uwu,175,55,2024-03-17T13:24:37.000Z,https://universalis.app/market/4
5124,Obsidian,Kittyto Fluffernutter,100,8,2024-03-10T03:40:47.000Z,https://universalis.app/market/5124
5364,Ash Lumber,Lux Draken,2000,34,2024-03-17T00:17:02.000Z,https://universalis.app/market/5364
1605,Bronze Spatha,Talysta Rosewood,10000,1,2024-03-26T02:12:25.000Z,https://universalis.app/market/1605
5276,Hard Leather,Fefy Bellegarde,601,14,2024-03-18T16:21:18.000Z,https://universalis.app/market/5276
5434,Ram Horn,Newoldman Otsdarva,1001,2,2024-03-30T22:49:57.000Z,https://universalis.app/market/5434
1607,Brass Bastard Sword,Yuki Oda,5000,1,2024-03-07T04:53:15.000Z,https://universalis.app/market/1607
5063,Brass Ingot,Aureole Adora-vivos,2000,1,2024-03-31T17:19:16.000Z,https://universalis.app/market/5063
1609,Brass Viking Sword,Ervosa Quantillus,4411,1,2024-03-10T15:58:28.000Z,https://universalis.app/market/1609
5277,Aldgoat Leather,Krim Drakos,20000,2,2024-03-19T13:04:04.000Z,https://universalis.app/market/5277
1611,Carnage Sword,Ex Tr,1000,1,2024-03-20T08:36:17.000Z,https://universalis.app/market/1611
1614,Iron Shortsword,Amara Haddox,900,1,2024-03-14T20:18:59.000Z,https://universalis.app/market/1614
5057,Iron Ingot,Naruto Vowels,5000,8,2024-03-28T00:53:03.000Z,https://universalis.app/market/5057
5367,Elm Lumber,Haru Takayama,9000,9,2024-03-21T01:18:19.000Z,https://universalis.app/market/5367
1622,Iron Spatha,Alt Two,2500,1,2024-03-17T20:43:05.000Z,https://universalis.app/market/1622
5435,Antelope Horn,Broodahl Sykursyn,100000,1,2024-03-13T23:10:08.000Z,https://universalis.app/market/5435
1625,Steel Broadsword,Scaurus Aemelius,20000,1,2024-03-05T03:45:01.000Z,https://universalis.app/market/1625
5058,Steel Ingot,Sol Grey,3000,1,2024-03-04T19:31:49.000Z,https://universalis.app/market/5058
5371,Walnut Lumber,Rae Ginrati,3000,1,2024-03-12T06:44:02.000Z,https://universalis.app/market/5371
5444,Wolf Fang,Jeffrey Sinclair,1000000,1,2024-03-27T20:06:42.000Z,https://universalis.app/market/5444
1627,Elm Macuahuitl,Gozda Wong-wei,1000,1,2024-03-19T00:13:04.000Z,https://universalis.app/market/1627
1633,Steel Falchion,Lux Draken,50036,1,2024-03-16T23:05:09.000Z,https://universalis.app/market/1633
5260,Siltstone Whetstone,Lux Sol,4998,1,2024-03-14T06:51:05.000Z,https://universalis.app/market/5260
8,Fire Crystal,Alghu Kagon,99,100,2024-03-24T17:48:00.000Z,https://universalis.app/market/8
1606,Blunt Bastard Sword,Athenwulf Baneblade,9999,1,2024-03-24T02:47:20.000Z,https://universalis.app/market/1606
5259,Mudstone Whetstone,Kagetora Doshin,1202,3,2024-03-17T22:55:52.000Z,https://universalis.app/market/5259
1637,Walnut Macuahuitl,Kohaku Kurohana,50000,1,2024-03-27T08:35:36.000Z,https://universalis.app/market/1637
5125,Wyvern Obsidian,Yuul Tah,600,7,2024-03-09T11:33:44.000Z,https://universalis.app/market/5125
1639,Steel Longsword,Lost Mans,50046,1,2024-03-18T01:23:02.000Z,https://universalis.app/market/1639
5504,Fish Glue,Orgoth Malus,1844,1,2024-03-18T00:53:34.000Z,https://universalis.app/market/5504
1642,Goblin Scimitar,Xavier Nioh,10000,1,2024-03-09T23:35:45.000Z,https://universalis.app/market/1642
1613,Blunt Goblin Scimitar,Lost Mans,1003,1,2024-03-28T18:24:23.000Z,https://universalis.app/market/1613
1643,Mythril Broadsword,Kohaku Kurohana,40000,1,2024-03-28T22:22:35.000Z,https://universalis.app/market/1643
5065,Mythril Ingot,Edston Barrows,5000,5,2024-03-30T11:55:15.000Z,https://universalis.app/market/5065
5373,Oak Lumber,Nero Gardiner,5000,5,2024-03-29T04:39:05.000Z,https://universalis.app/market/5373
1648,Vintage Viking Sword,Free Boulder,50000,1,2024-03-13T09:47:49.000Z,https://universalis.app/market/1648
11,Earth Crystal,Slime Butter,400,15,2024-03-28T01:03:21.000Z,https://universalis.app/market/11
1616,Nicked Viking Sword,Bumble Bramble,50000,1,2024-03-27T02:57:38.000Z,https://universalis.app/market/1616
1649,Goblin Longsword,Fufu Shpadoinkle,20000,1,2024-03-16T04:52:29.000Z,https://universalis.app/market/1649
1621,Blunt Goblin Longsword,Galin Malin,10500,1,2024-03-21T17:14:01.000Z,https://universalis.app/market/1621
5262,Basilisk Whetstone,Azena Hatasashi,1250,1,2024-03-16T20:36:41.000Z,https://universalis.app/market/5262
1650,Plumed Oak Macuahuitl,Soft Paws,29999,1,2024-03-12T04:25:08.000Z,https://universalis.app/market/1650
5360,Wildfowl Feather,Haku Frostheart,5000,4,2024-03-24T21:58:08.000Z,https://universalis.app/market/5360
1657,Cobalt Katzbalger,Krista Blackheart,20000,1,2024-03-14T05:37:44.000Z,https://universalis.app/market/1657
5059,Cobalt Ingot,Popopoki Cocopoki,10003,3,2024-03-04T08:06:34.000Z,https://universalis.app/market/5059
5066,Electrum Ingot,Sarinthia Em,14998,2,2024-03-18T16:30:54.000Z,https://universalis.app/market/5066
5282,Boar Leather,Aoi Hasegawa,9000,2,2024-03-25T00:19:41.000Z,https://universalis.app/market/5282
1659,Cobalt Shamshir,Popopoki Cocopoki,55555,1,2024-03-04T08:36:46.000Z,https://universalis.app/market/1659
5436,Aldgoat Horn,Sa'ab Draken,250000,1,2024-03-10T10:00:47.000Z,https://universalis.app/market/5436
1663,Cobalt Winglet,Gisela Westlake,55555,1,2024-03-04T03:27:48.000Z,https://universalis.app/market/1663
5374,Mahogany Lumber,Michael Cousland,3500,1,2024-03-21T22:19:40.000Z,https://universalis.app/market/5374
5465,Sunrise Tellin,Gwyn Collier,1500,10,2024-03-26T04:40:41.000Z,https://universalis.app/market/5465
5505,Horn Glue,Hiso Reno,7399,24,2024-03-31T23:20:45.000Z,https://universalis.app/market/5505
1666,Giantsgall Longsword,Miran Savae,7900,1,2024-03-12T12:45:23.000Z,https://universalis.app/market/1666
18,Lightning Cluster,Solaara Windynn,678,100,2024-03-23T09:54:22.000Z,https://universalis.app/market/18
19,Water Cluster,Vulle Rehw,2000,5,2024-03-13T15:21:30.000Z,https://universalis.app/market/19
7620,Diluted Vitriol,Teiras Cole,2500,7,2024-03-29T12:54:01.000Z,https://universalis.app/market/7620
1670,Aeolian Scimitar,Luna Moonshine,98965,1,2024-03-04T08:03:12.000Z,https://universalis.app/market/1670
1636,Blunt Aeolian Scimitar,Sevinc Nermine,1000,1,2024-03-09T23:31:00.000Z,https://universalis.app/market/1636
5061,Darksteel Nugget,Roomie Tealeaf,20003,1,2024-03-15T13:28:38.000Z,https://universalis.app/market/5061
1673,Mailbreaker,Anya Dawnblade,8500,1,2024-03-22T05:51:22.000Z,https://universalis.app/market/1673
14,Fire Cluster,Alistair Siegfried,2000,2,2024-03-20T05:03:43.000Z,https://universalis.app/market/14
17,Earth Cluster,Dusk Umbra,395,100,2024-03-19T17:11:15.000Z,https://universalis.app/market/17
5068,Rose Gold Nugget,Reis Leone,6002,1,2024-03-21T20:28:03.000Z,https://universalis.app/market/5068
5288,Hippogryph Leather,Madam Sporks,90000,1,2024-03-16T18:13:58.000Z,https://universalis.app/market/5288
5570,Mailbreaker Blade,Lexii Banhmi,2888,1,2024-03-25T02:24:47.000Z,https://universalis.app/market/5570
1681,Bone Hora,Asuna'' Yuuki,19750,1,2024-03-21T06:06:39.000Z,https://universalis.app/market/1681
5318,Animal Sinew,Thalia Castellan,300,1,2024-03-28T11:31:41.000Z,https://universalis.app/market/5318
1682,Leather Himantes,Autumn Drake,3999,1,2024-03-20T20:49:07.000Z,https://universalis.app/market/1682
5324,Undyed Hempen Cloth,Syrenead Huin,499,99,2024-03-06T10:05:55.000Z,https://universalis.app/market/5324
1683,Ramhorn Claws,Spikelee Meatus,450,1,2024-03-20T15:21:51.000Z,https://universalis.app/market/1683
1684,Bronze Knuckles,Anitamax Wynn,2000,1,2024-03-21T19:39:11.000Z,https://universalis.app/market/1684
1685,Hard Leather Himantes,Cal Endar,600,1,2024-03-26T02:04:56.000Z,https://universalis.app/market/1685
1686,Brass Knuckles,Bry B'good,1500,1,2024-03-26T20:35:00.000Z,https://universalis.app/market/1686
1688,Goatskin Cesti,Spllyn Iam,10000,1,2024-03-07T03:12:06.000Z,https://universalis.app/market/1688
5319,Beast Sinew,Werd Na,420,21,2024-03-27T21:50:13.000Z,https://universalis.app/market/5319
1694,Spiked Knuckles,Penta Legend,4000,1,2024-03-10T08:05:09.000Z,https://universalis.app/market/1694
5072,Iron Plate,S'kiya Yoru,3000,2,2024-03-12T18:26:46.000Z,https://universalis.app/market/5072
1697,Toadskin Cesti,Yuki Oda,21000,1,2024-03-26T08:42:00.000Z,https://universalis.app/market/1697
5280,Toad Leather,Lunar Crescent,4500,1,2024-03-07T08:56:28.000Z,https://universalis.app/market/5280
5320,Diremite Sinew,Rose Evelyn,10000,2,2024-03-11T06:49:35.000Z,https://universalis.app/market/5320
1699,Steel Claws,Devils Kuzunoha,12000,1,2024-03-09T07:56:35.000Z,https://universalis.app/market/1699
5073,Steel Plate,Ne Na,2000,1,2024-03-17T14:41:58.000Z,https://universalis.app/market/5073
1706,Crabshell Hora,Saige Ayers,10000,1,2024-03-07T08:21:08.000Z,https://universalis.app/market/1706
5321,Hippogryph Sinew,Cecilia De'rose,600,2,2024-03-08T03:43:01.000Z,https://universalis.app/market/5321
5456,Green Megalocrab Shell,Luna Tea,1111,1,2024-03-13T17:43:48.000Z,https://universalis.app/market/5456
1708,Boarskin Himantes,Sayla Hawkwind,50000,1,2024-03-15T06:31:09.000Z,https://universalis.app/market/1708
1711,Mythril Claws,Akari Tyatu,17500,1,2024-03-24T18:13:43.000Z,https://universalis.app/market/1711
5079,Mythril Plate,Aly Non,9995,4,2024-03-25T11:01:47.000Z,https://universalis.app/market/5079
1716,Tortoiseshell Hora,Rei Tatsuya,15000,1,2024-03-16T21:53:01.000Z,https://universalis.app/market/1716
5322,Raptor Sinew,Athena Athens,999,50,2024-03-27T14:52:41.000Z,https://universalis.app/market/5322
5458,Adamantoise Shell,Mathias Jaevyn,940,1,2024-03-25T23:24:31.000Z,https://universalis.app/market/5458
1723,Cobalt Knuckles,Popopoki Cocopoki,55555,1,2024-03-04T08:36:32.000Z,https://universalis.app/market/1723
1728,Peisteskin Cesti,Hjordis Ravnhild,4500,1,2024-03-09T18:53:42.000Z,https://universalis.app/market/1728
5284,Peiste Leather,Amy Laracyn,1002,1,2024-03-29T23:16:00.000Z,https://universalis.app/market/5284
1732,Vintage Hora,Aurora Fae,12001,1,2024-03-06T16:52:02.000Z,https://universalis.app/market/1732
1701,Chipped Hora,Living Sky,1999,1,2024-03-14T08:29:20.000Z,https://universalis.app/market/1701
5285,Raptor Leather,Aoi Hasegawa,2000,1,2024-03-25T15:42:35.000Z,https://universalis.app/market/5285
1733,Cobalt Claws,Austyn Kiwamitora,39999,1,2024-03-15T03:50:50.000Z,https://universalis.app/market/1733
5074,Cobalt Plate,Depressed Kitty,4000,1,2024-03-04T07:57:09.000Z,https://universalis.app/market/5074
1736,Giantsgall Claws,Vinnitrist Faeimage,3499,1,2024-03-29T06:21:01.000Z,https://universalis.app/market/1736
1740,Wildling's Cesti,Gahryk Hollowfang,59900,1,2024-03-23T01:15:42.000Z,https://universalis.app/market/1740
10,Wind Crystal,Ruby Shoes,998,200,2024-03-18T17:51:27.000Z,https://universalis.app/market/10
5567,Bloody Cesti Covers,Methis Rend,2100,1,2024-03-23T14:18:33.000Z,https://universalis.app/market/5567
1743,Avengers,Auxea Kirath,3000,1,2024-03-28T23:59:51.000Z,https://universalis.app/market/1743
5378,Spruce Lumber,Climhazzard Fury,8000,2,2024-03-28T09:46:21.000Z,https://universalis.app/market/5378
5571,Avenger Grips,Gwell Moko,2323,1,2024-03-06T20:20:08.000Z,https://universalis.app/market/5571
1750,Bronze War Axe,Valgrim Nightbane,14000,1,2024-03-11T23:38:53.000Z,https://universalis.app/market/1750
1751,Bronze Labrys,Anhur Xb,1300,1,2024-03-20T00:00:23.000Z,https://universalis.app/market/1751
1752,Cloud Axe,Elva Paradyne,5000,1,2024-03-18T00:37:00.000Z,https://universalis.app/market/1752
1753,Spiked Bronze Labrys,Lyssa Shadows,8000,1,2024-03-08T03:16:01.000Z,https://universalis.app/market/1753
1754,Iron War Axe,Sekka Naeuri,2013,1,2024-03-22T01:02:02.000Z,https://universalis.app/market/1754
1756,Iron Labrys,Kagome Leonheart,2408,1,2024-03-20T01:34:30.000Z,https://universalis.app/market/1756
1758,Inferno Axe,Virnea Moonstrike,2500,1,2024-03-10T03:32:46.000Z,https://universalis.app/market/1758
1764,Iron Bill,Sesena Sena,5026,1,2024-03-13T18:24:25.000Z,https://universalis.app/market/1764
4856,Clove Oil,Falloh Witte,500,1,2024-03-28T03:23:52.000Z,https://universalis.app/market/4856
5368,Yew Lumber,Aji Onishi,9998,2,2024-03-17T16:50:46.000Z,https://universalis.app/market/5368
1766,Thunderstorm Axe,Dingle Nugget,5000,1,2024-03-08T01:34:21.000Z,https://universalis.app/market/1766
5064,Silver Ingot,Deydrelithel Song,250000,2,2024-03-21T01:38:29.000Z,https://universalis.app/market/5064
1769,Spiked Steel Labrys,Amy Laracyn,6000,1,2024-03-23T03:43:07.000Z,https://universalis.app/market/1769
1776,Steel Bardiche,Lost Mans,17000,1,2024-03-16T01:55:15.000Z,https://universalis.app/market/1776
5405,Yew Branch,Vulle Rehw,900,13,2024-03-12T16:18:48.000Z,https://universalis.app/market/5405
1778,Steel Bhuj,Rukia Himejima,55555,1,2024-03-26T05:00:16.000Z,https://universalis.app/market/1778
1781,Spiked Mythril Labrys,Lost Mans,45000,1,2024-03-21T13:53:38.000Z,https://universalis.app/market/1781
1786,Mythril Bhuj,Kazhira Amiabant,35000,1,2024-03-30T15:15:18.000Z,https://universalis.app/market/1786
1796,Buccaneer's Bardiche,Liara Sandoval,55555,1,2024-03-05T23:29:45.000Z,https://universalis.app/market/1796
5414,Rosewood Branch,Fjohen Askirada,1000,1,2024-03-10T23:25:19.000Z,https://universalis.app/market/5414
1771,Notched Bill,Nirici Icirin,5080,1,2024-03-24T06:25:17.000Z,https://universalis.app/market/1771
1801,Demilune Bhuj,Phoenix Keahi,7500,1,2024-03-06T22:58:00.000Z,https://universalis.app/market/1801
5196,Jadeite,Kiyah Lancaster,1500,74,2024-03-12T03:52:52.000Z,https://universalis.app/market/5196
1803,Spiked Cobalt Labrys,Ilus O'cuill,25000,1,2024-03-08T01:01:54.000Z,https://universalis.app/market/1803
5376,Rosewood Lumber,Michael Cousland,8999,1,2024-03-12T05:27:31.000Z,https://universalis.app/market/5376
1806,Giantsgall War Axe,Nae Pzl-builder,10000,1,2024-03-17T15:18:00.000Z,https://universalis.app/market/1806
1810,Barbarian's Bardiche,Spas Spazmattic,92900,1,2024-03-09T08:14:01.000Z,https://universalis.app/market/1810
5566,Bloody Bardiche Head,Tio Tot,1973,1,2024-03-05T00:47:23.000Z,https://universalis.app/market/5566
1813,Rampager,Seiyoix Cloumeheaux,10000,1,2024-03-21T14:41:27.000Z,https://universalis.app/market/1813
5075,Darksteel Plate,Irie Yagami,5001,1,2024-03-14T09:03:48.000Z,https://universalis.app/market/5075
5572,Rampager Head,Gwell Moko,3000,1,2024-03-06T20:19:52.000Z,https://universalis.app/market/5572
1820,Bone Harpoon,Kohaku Kurohana,1500,1,2024-03-05T09:14:11.000Z,https://universalis.app/market/1820
5503,Animal Glue,Angelic Lordes,900,1,2024-03-26T01:11:04.000Z,https://universalis.app/market/5503
1821,Bronze Spear,Kohaku Kurohana,2000,1,2024-03-06T09:21:43.000Z,https://universalis.app/market/1821
5482,Fish Oil,Abelia Hawthorne,1111,1,2024-03-17T04:18:26.000Z,https://universalis.app/market/5482
1822,Ramhorn Harpoon,Yuki Oda,3000,1,2024-03-07T04:53:00.000Z,https://universalis.app/market/1822
1823,Feathered Harpoon,Achaia Ai,4950,1,2024-03-25T00:51:12.000Z,https://universalis.app/market/1823
5352,Crow Feather,Rod Dragneel,900,20,2024-03-22T20:30:38.000Z,https://universalis.app/market/5352
5433,Soiled Femur,Valgrim Nightbane,750,15,2024-03-14T00:37:38.000Z,https://universalis.app/market/5433
1824,Brass Spear,Dunka Ccino,450,1,2024-03-09T06:16:20.000Z,https://universalis.app/market/1824
1825,Iron Spear,Eldritch Twink,5999,1,2024-03-17T19:45:27.000Z,https://universalis.app/market/1825
1827,Iron Lance,Vernaud Nox,17147,1,2024-03-13T03:33:15.000Z,https://universalis.app/market/1827
1833,Iron Guisarme,Ayla Qayin,1000,1,2024-03-22T23:44:10.000Z,https://universalis.app/market/1833
1836,Silver Battle Fork,Valgrim Nightbane,7500,1,2024-03-24T21:05:20.000Z,https://universalis.app/market/1836
5484,Crab Oil,Seeell Za,5555,2,2024-03-29T20:27:53.000Z,https://universalis.app/market/5484
1838,Steel Halberd,Nadir Lukitwa,6500,1,2024-03-16T08:17:04.000Z,https://universalis.app/market/1838
1845,Steel Spear,Galanr Lance,999999,1,2024-03-04T20:20:28.000Z,https://universalis.app/market/1845
1847,Heavy Steel Lance,Leah Bella,15000,1,2024-03-08T13:18:52.000Z,https://universalis.app/market/1847
1850,Yarzonshell Harpoon,Alex Era,40000,1,2024-03-20T23:56:58.000Z,https://universalis.app/market/1850
5454,Yellow Yarzon Leg,Kiyah Lancaster,1200,3,2024-03-05T03:42:18.000Z,https://universalis.app/market/5454
1855,Mythril Lance,Krenshaw Mcnutt,29999,1,2024-03-16T03:35:05.000Z,https://universalis.app/market/1855
1862,Cobalt Halberd,Alarice Chaunollet,55554,1,2024-03-11T23:54:06.000Z,https://universalis.app/market/1862
1867,Cobalt Trident,Khada Dragonetti,20000,1,2024-03-07T12:48:55.000Z,https://universalis.app/market/1867
5486,Shark Oil,Vilya Ichikawa,8888,1,2024-03-28T21:22:36.000Z,https://universalis.app/market/5486
1871,Vintage Guisarme,Xboxfanqc Seyer,9994,1,2024-03-27T22:19:12.000Z,https://universalis.app/market/1871
9,Ice Crystal,Lilymarie Bean,3000,88,2024-03-24T21:09:04.000Z,https://universalis.app/market/9
1840,Crooked Guisarme,Relvan Quoth,3000,1,2024-03-19T00:05:07.000Z,https://universalis.app/market/1840
1872,Hart Guisarme,Syrenead Huin,50000,1,2024-03-07T17:52:47.000Z,https://universalis.app/market/1872
1875,Giantsgall Trident,Sahz Bloodmourn,9999,1,2024-03-10T06:04:42.000Z,https://universalis.app/market/1875
1879,Champion's Lance,Shelly Artoodeetoo,59000,1,2024-03-07T09:33:47.000Z,https://universalis.app/market/1879
5565,Bloody Lance Head,H'rahdi Tia,125076,1,2024-03-28T20:54:47.000Z,https://universalis.app/market/5565
1882,Obelisk,Cali Purrito,10165,1,2024-03-23T03:36:55.000Z,https://universalis.app/market/1882
5573,Obelisk Head,Petit Fours,3000,1,2024-03-05T16:18:06.000Z,https://universalis.app/market/5573
1891,Maple Shortbow,Elva Paradyne,1000,1,2024-03-14T01:20:12.000Z,https://universalis.app/market/1891
5333,Hempen Yarn,Chansey Highwind,200,2,2024-03-11T06:02:13.000Z,https://universalis.app/market/5333
1892,Maple Longbow,Kohaku Kurohana,1000,1,2024-03-07T22:14:58.000Z,https://universalis.app/market/1892
5396,Maple Branch,Saige Ayers,250,20,2024-03-04T21:00:04.000Z,https://universalis.app/market/5396
1893,Plumed Maple Shortbow,Sparkles Stormchaser,800,1,2024-03-16T05:37:53.000Z,https://universalis.app/market/1893
5351,Cock Feather,Fractal Fennec,100,4,2024-03-16T02:01:25.000Z,https://universalis.app/market/5351
1894,Wrapped Maple Longbow,Charlie Doom,1010,1,2024-03-25T21:21:16.000Z,https://universalis.app/market/1894
5402,Ash Branch,One Reborn,1200,20,2024-03-24T22:39:11.000Z,https://universalis.app/market/5402
1895,Ash Shortbow,Hima Chi,20000,1,2024-03-16T04:52:28.000Z,https://universalis.app/market/1895
1897,Elm Longbow,Sparkles Stormchaser,16000,1,2024-03-22T02:45:44.000Z,https://universalis.app/market/1897
5334,Cotton Yarn,Kaius Voidheart,4999,1,2024-03-17T00:25:54.000Z,https://universalis.app/market/5334
1899,Elm Velocity Bow,Bigbossdbz Ultima,10000,1,2024-03-16T15:15:54.000Z,https://universalis.app/market/1899
1905,Wrapped Elm Longbow,Luneth Midare,5995,1,2024-03-09T07:30:17.000Z,https://universalis.app/market/1905
1908,Ash Composite Bow,Star Cakes,25000,1,2024-03-09T16:05:51.000Z,https://universalis.app/market/1908
1915,Ash Cavalry Bow,Star Cakes,40000,1,2024-03-09T16:06:05.000Z,https://universalis.app/market/1915
5409,Oak Branch,Jerbo Ro,500,10,2024-03-13T05:50:56.000Z,https://universalis.app/market/5409
1917,Oak Longbow,Koorime Yuki,55554,1,2024-03-12T21:36:38.000Z,https://universalis.app/market/1917
5336,Linen Yarn,Elias Ultima,2000,5,2024-03-21T05:43:12.000Z,https://universalis.app/market/5336
1920,Mythril Cavalry Bow,Lost Mans,50000,1,2024-03-22T01:54:57.000Z,https://universalis.app/market/1920
1925,Oak Composite Bow,Ariana Blazen,55555,1,2024-03-15T23:50:43.000Z,https://universalis.app/market/1925
1932,Cobalt Cavalry Bow,Moist Bungus,21000,1,2024-03-27T20:15:31.000Z,https://universalis.app/market/1932
1937,Yew Longbow,Dusk Umbra,38000,1,2024-03-26T02:36:45.000Z,https://universalis.app/market/1937
1941,Vintage Bow,Ori Yora,9995,1,2024-03-28T03:49:31.000Z,https://universalis.app/market/1941
1910,Warped Bow,One Reborn,15000,1,2024-03-25T00:01:14.000Z,https://universalis.app/market/1910
1942,Crab Bow,Prox Leaust,41915,1,2024-03-15T23:21:05.000Z,https://universalis.app/market/1942
5462,Red Coral,Granadi Turloki,5000,3,2024-03-08T01:55:04.000Z,https://universalis.app/market/5462
1945,Giantsgall Longbow,Lucy Wolfheart,900,1,2024-03-12T01:35:34.000Z,https://universalis.app/market/1945
1949,Longarm's Composite Bow,Lil Missdvs,62900,1,2024-03-27T15:14:38.000Z,https://universalis.app/market/1949
5568,Bloody Bow Rim,Allicia Capulet,3499,1,2024-03-05T11:22:21.000Z,https://universalis.app/market/5568
1953,Sarnga,Aedwen Hunt,4998,1,2024-03-31T05:38:08.000Z,https://universalis.app/market/1953
15,Ice Cluster,Lexii Banhmi,1000,7,2024-03-25T01:05:49.000Z,https://universalis.app/market/15
16,Wind Cluster,Hue Mann,500,50,2024-03-24T08:24:09.000Z,https://universalis.app/market/16
5574,Sarnga Limb,Endra Shorkacat,1998,2,2024-03-28T03:30:29.000Z,https://universalis.app/market/5574
1958,Maple Wand,Aisha Rashan,9999,1,2024-03-17T19:55:31.000Z,https://universalis.app/market/1958
6,Lightning Shard,Xillia Hightower,175,55,2024-03-12T23:38:44.000Z,https://universalis.app/market/6
7,Water Shard,Y'naiha Faiphas,150,100,2024-03-29T19:34:33.000Z,https://universalis.app/market/7
5470,Growth Formula Alpha,Kayla Lykke,1499,3,2024-03-25T23:33:28.000Z,https://universalis.app/market/5470
1959,Whispering Maple Wand,Lucrecia Nocturnia,9999,1,2024-03-09T07:28:42.000Z,https://universalis.app/market/1959
1960,Budding Maple Wand,Tabius Korinthos,14995,1,2024-03-20T15:39:05.000Z,https://universalis.app/market/1960
5492,Beastkin Blood,Ms Eldari,1000,1,2024-03-18T10:29:53.000Z,https://universalis.app/market/5492
1961,Ash Wand,Fiji Miiniji,5000,1,2024-03-15T02:46:45.000Z,https://universalis.app/market/1961
5471,Growth Formula Beta,S'kiya Yoru,5999,1,2024-03-12T17:39:32.000Z,https://universalis.app/market/5471
1963,Budding Ash Wand,Ginneagan M'rka,9915,1,2024-03-09T02:20:27.000Z,https://universalis.app/market/1963
1965,Whispering Ash Wand,Ime Tachibana,21531,1,2024-03-05T21:17:28.000Z,https://universalis.app/market/1965
5493,Scalekin Blood,Ishgardian Emissary,1000,99,2024-03-08T02:55:35.000Z,https://universalis.app/market/5493
1967,Yew Wand,Georgie Boy,50000,1,2024-03-11T01:46:13.000Z,https://universalis.app/market/1967
1969,Budding Yew Wand,Mikael Crucible,20000,1,2024-03-09T09:02:14.000Z,https://universalis.app/market/1969
1971,Budding Oak Wand,Sayuri Mizuki,30040,1,2024-03-09T06:19:01.000Z,https://universalis.app/market/1971
4603,Hi-Potion of Mind,Astray Eclipse,900,3,2024-03-07T03:05:34.000Z,https://universalis.app/market/4603
1974,Wand of Frost,Austyn Kiwamitora,55000,1,2024-03-09T07:30:45.000Z,https://universalis.app/market/1974
5199,Eye of Ice,Kiyan Felonvoid,80,2,2024-03-28T13:05:01.000Z,https://universalis.app/market/5199
5472,Growth Formula Gamma,Conner Macleod,10000,1,2024-03-08T04:27:33.000Z,https://universalis.app/market/5472
1976,Wand of Tremors,Rishu Syer,25000,1,2024-03-19T22:30:36.000Z,https://universalis.app/market/1976
5201,Eye of Earth,Kiyan Felonvoid,3002,2,2024-03-28T13:05:10.000Z,https://universalis.app/market/5201
1978,Wand of Tides,Ime Tachibana,25000,1,2024-03-19T19:06:55.000Z,https://universalis.app/market/1978
5203,Eye of Water,Nick Manson,502,2,2024-03-16T14:56:30.000Z,https://universalis.app/market/5203
1981,Wand of Flames,Pal Viking,4995,1,2024-03-23T19:32:05.000Z,https://universalis.app/market/1981
5198,Eye of Fire,Morna Lancaster,30000,5,2024-03-15T23:26:38.000Z,https://universalis.app/market/5198
1983,Wand of Gales,Gyr Hybrid,15000,1,2024-03-05T23:47:20.000Z,https://universalis.app/market/1983
5200,Eye of Wind,Tomas Bombadil,4995,2,2024-03-16T04:15:19.000Z,https://universalis.app/market/5200
1985,Wand of Storms,Argo Kishimoto,5000,1,2024-03-07T15:49:06.000Z,https://universalis.app/market/1985
5202,Eye of Lightning,Ithiluin Awandal,1400,2,2024-03-17T03:07:40.000Z,https://universalis.app/market/5202
1987,Budding Rosewood Wand,Nam Senpai,55084,1,2024-03-22T04:59:42.000Z,https://universalis.app/market/1987
4608,Mega-Potion of Mind,David Plaine,16000,2,2024-03-24T07:01:21.000Z,https://universalis.app/market/4608
5494,Spoken Blood,Debroye Paharo,1880,1,2024-03-04T18:30:14.000Z,https://universalis.app/market/5494
1996,Maple Cane,S'kiya Yoru,1004,1,2024-03-22T22:03:03.000Z,https://universalis.app/market/1996
1997,Maple Crook,Tatavachi Yayavachi,3999,1,2024-03-14T02:03:06.000Z,https://universalis.app/market/1997
1998,Ash Radical,Kaius Voidheart,3011,1,2024-03-15T02:07:50.000Z,https://universalis.app/market/1998
2000,Elm Cane,Maya Lyr,5999,1,2024-03-15T04:19:42.000Z,https://universalis.app/market/2000
2002,Elm Crook,Raziiel Tarcain,49,1,2024-03-06T17:30:36.000Z,https://universalis.app/market/2002
2004,Yew Radical,Bad Guy,7000,1,2024-03-10T19:01:51.000Z,https://universalis.app/market/2004
2010,Pastoral Yew Cane,Mihi Wilzuun,2000,1,2024-03-15T00:14:54.000Z,https://universalis.app/market/2010
2011,Yew Crook,Spllyn Iam,3000,1,2024-03-07T03:52:20.000Z,https://universalis.app/market/2011
2015,Walnut Cane,Ne Na,27000,1,2024-03-04T10:43:29.000Z,https://universalis.app/market/2015
2021,Plumed Yew Crook,Lost Mans,15000,1,2024-03-19T00:15:57.000Z,https://universalis.app/market/2021
2023,Oak Radical,Georgie Boy,25000,1,2024-03-11T17:00:47.000Z,https://universalis.app/market/2023
2026,Pastoral Oak Cane,S'kiya Yoru,10000,1,2024-03-12T17:51:17.000Z,https://universalis.app/market/2026
2030,Sprouting Rosewood Radical,Eley Lalafeley,15500,1,2024-03-18T01:24:21.000Z,https://universalis.app/market/2030
2039,Jade Crook,One Reborn,55555,1,2024-03-24T23:46:38.000Z,https://universalis.app/market/2039
2041,Vintage Cane,Chihaya Kurogane,9000,1,2024-03-12T20:01:39.000Z,https://universalis.app/market/2041
2014,Splintered Cane,S'kiya Yoru,2053,1,2024-03-08T11:24:57.000Z,https://universalis.app/market/2014
2044,Pastoral Mahogany Cane,Xener Ren,16900,1,2024-03-17T17:45:25.000Z,https://universalis.app/market/2044
5335,Dew Thread,Atreus Auditore,2500,1,2024-03-13T21:14:56.000Z,https://universalis.app/market/5335
2047,Tane Mahuta,Ryoma Nagare,18000,1,2024-03-11T03:39:20.000Z,https://universalis.app/market/2047
5555,Ochu Vine,Bouncy Baby,775,1,2024-03-29T04:56:07.000Z,https://universalis.app/market/5555
2048,Giantsgall Cane,Devilslayer Soulthief,18899,1,2024-03-13T00:06:56.000Z,https://universalis.app/market/2048
2049,Madman's Whispering Rod,Mr Kinetics,87999,1,2024-03-12T03:21:48.000Z,https://universalis.app/market/2049
12,Lightning Crystal,Lance Caln,175,55,2024-03-05T18:44:45.000Z,https://universalis.app/market/12
13,Water Crystal,Blueberry Muffins,175,55,2024-03-18T14:24:21.000Z,https://universalis.app/market/13
5473,Growth Formula Delta,Andy Ydna,4000,1,2024-03-24T13:28:00.000Z,https://universalis.app/market/5473
5537,Thavnairian Mistletoe,Falfyr Krixian,300,99,2024-03-18T02:57:38.000Z,https://universalis.app/market/5537
5547,Vampire Plant,Tutusu Tusu,300,2,2024-03-27T22:22:22.000Z,https://universalis.app/market/5547
2051,Alkalurops,Kagura Dekomori,15552,1,2024-03-10T19:49:36.000Z,https://universalis.app/market/2051
5575,Suspended Trillium Flower,Odin Oots,780,2,2024-03-22T15:58:28.000Z,https://universalis.app/market/5575
2056,Bone Brand,Hana Kizu,24999,1,2024-03-13T23:15:14.000Z,https://universalis.app/market/2056
5197,Marbled Eye,Alvendalf Ymir,950,10,2024-03-16T19:47:06.000Z,https://universalis.app/market/5197
2057,Copper Scepter,Silver Evren,400,1,2024-03-20T04:25:12.000Z,https://universalis.app/market/2057
5062,Copper Ingot,Haru Takayama,200,1,2024-03-20T02:12:54.000Z,https://universalis.app/market/5062
2058,Bronze Scepter,Anhur Xb,306,1,2024-03-23T18:09:41.000Z,https://universalis.app/market/2058
2059,Brass Cudgel,Friend Boat,564,1,2024-03-04T08:00:57.000Z,https://universalis.app/market/2059
2061,Decorated Copper Scepter,Mia Hatori,725,1,2024-03-26T05:40:34.000Z,https://universalis.app/market/2061
5258,Ragstone Whetstone,Elias Ultima,500,3,2024-03-20T02:51:27.000Z,https://universalis.app/market/5258
2063,Wind Brand,Illustrious Clyne,30000,1,2024-03-04T13:47:50.000Z,https://universalis.app/market/2063
2066,Ice Brand,Spllyn Iam,2500,1,2024-03-09T21:23:45.000Z,https://universalis.app/market/2066
2069,Silver Scepter,Living Sky,180,1,2024-03-09T07:15:57.000Z,https://universalis.app/market/2069
5527,Brimstone,Noxus Aurelius,300,15,2024-03-04T07:47:31.000Z,https://universalis.app/market/5527
2071,Earth Brand,Sakura Aino,25000,1,2024-03-16T11:24:16.000Z,https://universalis.app/market/2071
2076,Decorated Silver Scepter,Vanirya Rossi,5000,1,2024-03-15T00:53:40.000Z,https://universalis.app/market/2076
2078,Fire Brand,Morna Lancaster,55555,1,2024-03-15T23:29:36.000Z,https://universalis.app/market/2078
2083,Lightning Brand,Lawrune Nbolo,375,1,2024-03-15T12:59:29.000Z,https://universalis.app/market/2083
5489,Quicksilver,Rune Lightscale,1000,12,2024-03-08T02:36:33.000Z,https://universalis.app/market/5489
2093,Vintage Cudgel,Cutie Tiger,5000,1,2024-03-14T20:13:26.000Z,https://universalis.app/market/2093
2068,Damaged Cudgel,Omni Terasu,9999,1,2024-03-07T14:57:58.000Z,https://universalis.app/market/2068
5092,Iron Rivets,Calyx Ariti,1900,18,2024-03-11T03:27:58.000Z,https://universalis.app/market/5092
2094,Water Brand,Oberon Yllavaris,20000,1,2024-03-10T05:42:29.000Z,https://universalis.app/market/2094
2097,Jade Scepter,Lyanna Darksoul,4070,1,2024-03-17T22:25:47.000Z,https://universalis.app/market/2097
5168,Jade,Palom Mysidia,540,1,2024-03-05T09:17:10.000Z,https://universalis.app/market/5168
5439,Ogre Horn,S'kiya Yoru,98,1,2024-03-09T15:29:26.000Z,https://universalis.app/market/5439
2102,Sanguine Scepter,Sacrilegious Darkness,97887,1,2024-03-04T22:41:13.000Z,https://universalis.app/market/2102
5206,Pinprick Pebble,Moebius Regis,3000,1,2024-03-24T13:28:03.000Z,https://universalis.app/market/5206
2106,Bone Staff,Petra Whitlock,1000,1,2024-03-20T20:02:39.000Z,https://universalis.app/market/2106
2107,Ramhorn Staff,J'nasshym Lufkin,3500,1,2024-03-23T06:40:35.000Z,https://universalis.app/market/2107
2108,Decorated Bone Staff,Fyn Amour,450,1,2024-03-27T21:33:49.000Z,https://universalis.app/market/2108
5442,Bat Fang,Ravyn Thurnstone,895,3,2024-03-05T05:40:30.000Z,https://universalis.app/market/5442
2109,Toothed Ramhorn Staff,Bad Guy,450,1,2024-03-17T07:07:32.000Z,https://universalis.app/market/2109
2111,Staghorn Staff,Luna Clefaria,30001,1,2024-03-29T22:39:51.000Z,https://universalis.app/market/2111
2116,Sanguine Horn Staff,Aph Relia,3000,1,2024-03-16T03:30:43.000Z,https://universalis.app/market/2116
2118,Toothed Staghorn Staff,Otis Gwtv,6500,1,2024-03-08T10:25:02.000Z,https://universalis.app/market/2118
2121,Goathorn Staff,S'kiya Yoru,15000,1,2024-03-08T14:41:20.000Z,https://universalis.app/market/2121
2123,Toothed Goathorn Staff,Dusty Bunny,10000,1,2024-03-17T04:34:14.000Z,https://universalis.app/market/2123
2125,Horn Staff,Cara Paharo,39999,1,2024-03-11T22:35:59.000Z,https://universalis.app/market/2125
2133,Ivory Staff,Autumn Dusk,42000,1,2024-03-08T05:24:52.000Z,https://universalis.app/market/2133
2136,Giantsgall Longstaff,Choco Muffin,6998,1,2024-03-08T22:16:04.000Z,https://universalis.app/market/2136
2139,Astrolabe,Reugen Majano,3398,1,2024-03-20T19:39:56.000Z,https://universalis.app/market/2139
5576,Astrolabe Clinometer,I'm Sorry,1000,2,2024-03-21T03:56:38.000Z,https://universalis.app/market/5576
2143,Leather Grimoire,Eley Lalafeley,9999,1,2024-03-06T20:34:18.000Z,https://universalis.app/market/2143
5380,Maple Log,Oro Borus,140,96,2024-03-11T08:39:12.000Z,https://universalis.app/market/5380
5475,Enchanted Copper Ink,Rosetta Linne,1000,1,2024-03-26T01:18:11.000Z,https://universalis.app/market/5475
2144,Maple Picatrix,Ophilia West,3900,1,2024-03-05T21:35:33.000Z,https://universalis.app/market/2144
2145,Engraved Leather Grimoire,Bry B'good,4981,1,2024-03-26T20:44:12.000Z,https://universalis.app/market/2145
5383,Ash Log,Talis Foerunner,900000,1,2024-03-23T14:53:34.000Z,https://universalis.app/market/5383
2146,Ash Picatrix,Akari Tyatu,1400,1,2024-03-29T04:42:00.000Z,https://universalis.app/market/2146
2147,Hard Leather Grimoire,Kurt Freehold,29011,1,2024-03-23T22:13:04.000Z,https://universalis.app/market/2147
5385,Elm Log,Home Depot,600,20,2024-03-08T10:50:08.000Z,https://universalis.app/market/5385
5476,Enchanted Iron Ink,Makino Yuki,1499,1,2024-03-19T10:31:05.000Z,https://universalis.app/market/5476
2149,Engraved Hard Leather Grimoire,Im Aman,10000,1,2024-03-26T22:11:28.000Z,https://universalis.app/market/2149
5386,Yew Log,Junior Jinx,2499,1,2024-03-04T03:27:59.000Z,https://universalis.app/market/5386
2151,Yew Picatrix,Saphiras Aurora,18021,1,2024-03-08T06:29:38.000Z,https://universalis.app/market/2151
2156,Goatskin Grimoire,Petra Whitlock,30035,1,2024-03-18T19:22:51.000Z,https://universalis.app/market/2156
5477,Enchanted Silver Ink,Frobel Zontornum,5250,1,2024-03-22T19:48:26.000Z,https://universalis.app/market/5477
2160,Engraved Goatskin Grimoire,Rosso Rojo'rouge,25000,1,2024-03-14T02:43:30.000Z,https://universalis.app/market/2160
5388,Walnut Log,Eley Lalafeley,1000,2,2024-03-11T01:24:47.000Z,https://universalis.app/market/5388
2166,Book of Silver,Commune Tea,6000,1,2024-03-10T22:39:34.000Z,https://universalis.app/market/2166
5390,Oak Log,Zanthe Zachar,425,10,2024-03-10T13:11:45.000Z,https://universalis.app/market/5390
2169,Embossed Book of Silver,Astray Eclipse,50000,1,2024-03-14T20:17:23.000Z,https://universalis.app/market/2169
2174,Book of Mythril,Gladio Sieghart,25000,1,2024-03-15T07:17:05.000Z,https://universalis.app/market/2174
5346,Flax,Oyuun Sagahl,1000,5,2024-03-19T20:17:38.000Z,https://universalis.app/market/5346
5478,Enchanted Mythril Ink,Nyayen Nobura,1500,1,2024-03-28T22:13:20.000Z,https://universalis.app/market/5478
2184,Vintage Picatrix,Ko Fi,50000,1,2024-03-27T16:19:32.000Z,https://universalis.app/market/2184
2158,Brittle Picatrix,Davor Zorasch,4000,1,2024-03-06T09:41:34.000Z,https://universalis.app/market/2158
2185,Book of Electrum,Spllyn Iam,11000,1,2024-03-17T04:14:32.000Z,https://universalis.app/market/2185
5337,Woolen Yarn,Jovvi Gahjewesfv,5000,1,2024-03-12T01:41:26.000Z,https://universalis.app/market/5337
5393,Rosewood Log,A'vasshi A'xemo,500,5,2024-03-09T04:20:15.000Z,https://universalis.app/market/5393
5479,Enchanted Electrum Ink,S'kiya Yoru,1500,1,2024-03-08T15:10:19.000Z,https://universalis.app/market/5479
2189,Embossed Book of Electrum,Spllyn Iam,30143,1,2024-03-17T04:14:37.000Z,https://universalis.app/market/2189
2193,Cantamina Thavnaria,Yuki Ronso,4000,1,2024-03-30T03:33:29.000Z,https://universalis.app/market/2193
5481,Enchanted Rose Gold Ink,Alenia Urumet,89999,1,2024-03-23T19:12:29.000Z,https://universalis.app/market/5481
2194,Medica Thavnaria,Auxea Kirath,3500,1,2024-03-29T00:18:17.000Z,https://universalis.app/market/2194
2201,Erudite's Picatrix of Healing,Phoe R'ysinge,45000,1,2024-03-08T08:30:22.000Z,https://universalis.app/market/2201
5480,Enchanted Gold Ink,Rune Shawn,3200,1,2024-03-14T22:52:31.000Z,https://universalis.app/market/5480
5569,Bloody Grimoire Binding,Ririshan Rereshan,2000,1,2024-03-12T23:13:39.000Z,https://universalis.app/market/5569
2202,Erudite's Picatrix of Casting,Areth Aswell,86810,1,2024-03-10T21:12:04.000Z,https://universalis.app/market/2202
2211,Deus Ex Verbis,Auxea Kirath,3150,1,2024-03-29T00:14:27.000Z,https://universalis.app/market/2211
5338,Silk Thread,Smeagol Grimnysmal,40000,1,2024-03-17T20:02:52.000Z,https://universalis.app/market/5338
2212,Deus Ex Gratia,Art Pop,900,1,2024-03-10T22:38:21.000Z,https://universalis.app/market/2212
2219,Square Maple Shield,Ace Amorevolous,3000,1,2024-03-17T07:41:09.000Z,https://universalis.app/market/2219
5091,Bronze Rivets,Xener Ren,2000,3,2024-03-30T17:01:28.000Z,https://universalis.app/market/5091
2220,Company Escutcheon,Maya Lyr,930000,1,2024-03-18T00:49:25.000Z,https://universalis.app/market/2220
12524,Titanium Nugget,Haruna Ichikawa,12000,1,2024-03-11T10:19:40.000Z,https://universalis.app/market/12524
12529,Titanium Rivets,Starfire Bellator,20000,2,2024-03-19T20:16:56.000Z,https://universalis.app/market/12529
12658,Dusk Leather,Aluette Muscadet,433420,1,2024-03-07T00:00:18.000Z,https://universalis.app/market/12658
2226,Bronze Hoplon,Brave Sparrow,5000,1,2024-03-27T13:40:08.000Z,https://universalis.app/market/2226
5071,Bronze Plate,S'kiya Yoru,500,2,2024-03-12T05:50:37.000Z,https://universalis.app/market/5071
2228,Round Shield,Valgrim Nightbane,8999,1,2024-03-12T20:21:10.000Z,https://universalis.app/market/2228
2229,Leather Targe,Gato Sucio,806,1,2024-03-23T00:06:50.000Z,https://universalis.app/market/2229
2230,Bronze Scutum,Bubeli Miyazaki,5000,1,2024-03-11T11:54:59.000Z,https://universalis.app/market/2230
2231,Bronze Buckler,Lucius Dark,38500,1,2024-03-17T10:26:08.000Z,https://universalis.app/market/2231
2233,Square Ash Shield,Soren Ganajai,222,1,2024-03-19T00:15:53.000Z,https://universalis.app/market/2233
2236,Iron Hoplon,Forgetful Shadow,80000,1,2024-03-23T04:38:59.000Z,https://universalis.app/market/2236
2238,Vintage Square Shield,Lawrune Nbolo,10000,1,2024-03-15T13:00:01.000Z,https://universalis.app/market/2238
2224,Worm-eaten Square Shield,Ruby Temptress,4000,1,2024-03-23T03:47:48.000Z,https://universalis.app/market/2224
4859,Cider Vinegar,Seph-ka Varia,900,2,2024-03-22T19:26:04.000Z,https://universalis.app/market/4859
2239,Ironclad Bronze Buckler,Yvette Kaiser,5008,1,2024-03-19T22:32:20.000Z,https://universalis.app/market/2239
2241,Iron Lantern Shield,Gisela Westlake,2000,1,2024-03-10T22:52:27.000Z,https://universalis.app/market/2241
5998,Tallow Candle,Po Tato',3000,1,2024-03-25T02:56:47.000Z,https://universalis.app/market/5998
2242,Iron Scutum,Valgrim Nightbane,15000,1,2024-03-23T22:11:18.000Z,https://universalis.app/market/2242
2244,Vintage Hoplon,Vahlia Kane,20000000,1,2024-03-08T21:27:45.000Z,https://universalis.app/market/2244
2225,Tarnished Hoplon,Tuan Nguyen,14998,1,2024-03-07T13:11:17.000Z,https://universalis.app/market/2225
2246,Viper-crested Round Shield,Don Giovanni,25000,1,2024-03-10T05:27:38.000Z,https://universalis.app/market/2246
2248,Iron Kite Shield,Kit'sae Lhefo,72500,1,2024-03-29T17:29:25.000Z,https://universalis.app/market/2248
2250,Goatskin Targe,Georgie Boy,50000,1,2024-03-11T01:46:31.000Z,https://universalis.app/market/2250
5093,Steel Rivets,Hayden Targaryen,3000,24,2024-03-09T23:09:57.000Z,https://universalis.app/market/5093
2257,Bull Hoplon,Alt Two,44000,1,2024-03-29T19:10:32.000Z,https://universalis.app/market/2257
2260,Decorated Buckler,Astray Eclipse,20021,1,2024-03-04T20:08:05.000Z,https://universalis.app/market/2260
2262,Decorated Iron Scutum,Gazyn Mazyn,10000,1,2024-03-24T13:49:20.000Z,https://universalis.app/market/2262
2264,Vintage Buckler,Z'lele Arda,20000,1,2024-03-23T15:52:24.000Z,https://universalis.app/market/2264
2227,Notched Buckler,Gwell Moko,9997,1,2024-03-07T06:24:58.000Z,https://universalis.app/market/2227
2268,Bladed Lantern Shield,Naru Anum,27772,1,2024-03-09T03:58:17.000Z,https://universalis.app/market/2268
2270,Raptorskin Targe,Eramus Larkstin,55555,1,2024-03-25T17:07:59.000Z,https://universalis.app/market/2270
5099,Mythril Rivets,Maeve Quixote,4000,1,2024-03-22T01:10:26.000Z,https://universalis.app/market/5099
2278,Vintage Scutum,Uhtred Ragnerson,10000,1,2024-03-20T05:12:42.000Z,https://universalis.app/market/2278
2232,Rusting Scutum,Azathiel Claywork,25000,1,2024-03-28T00:42:30.000Z,https://universalis.app/market/2232
2279,Cobalt Scutum,M'bae Tia,17032,1,2024-03-16T23:32:19.000Z,https://universalis.app/market/2279
5094,Cobalt Rivets,Damien Vryce,6000,3,2024-03-17T05:08:19.000Z,https://universalis.app/market/5094
2287,Eagle-crested Round Shield,Gold Hairpin,20000,1,2024-03-07T21:19:48.000Z,https://universalis.app/market/2287
2289,Vintage Round Shield,Mayoi Ayasato,2498,1,2024-03-28T05:37:47.000Z,https://universalis.app/market/2289
5228,Ragstone,Lory Copihwesfv,201,8,2024-03-06T17:10:53.000Z,https://universalis.app/market/5228
5517,Lanolin,Reis Leone,1000,2,2024-03-21T20:28:57.000Z,https://universalis.app/market/5517
2294,Kite Shield,Crimson Nobody,19999,1,2024-03-08T20:43:34.000Z,https://universalis.app/market/2294
2296,Cobalt Bladed Lantern Shield,Alayna Lyneguard,24000,1,2024-03-16T13:38:01.000Z,https://universalis.app/market/2296
2298,Oxblood Targe,Cerwyn Cassidy,10000,1,2024-03-22T00:54:54.000Z,https://universalis.app/market/2298
2300,Vintage Kite Shield,Ichigo Higanbana,20000,1,2024-03-13T23:54:12.000Z,https://universalis.app/market/2300
2302,Darksteel Scutum,Fuka Kazamatsuri,6996,1,2024-03-12T00:45:10.000Z,https://universalis.app/market/2302
5060,Darksteel Ingot,S'kiya Yoru,10003,1,2024-03-08T14:23:15.000Z,https://universalis.app/market/5060
5095,Darksteel Rivets,Katori Nu'ski,5000,99,2024-03-11T05:06:11.000Z,https://universalis.app/market/5095
2303,Darksteel Buckler,Marinell Devotay,4500,1,2024-03-13T23:10:37.000Z,https://universalis.app/market/2303
2304,Spruce Round Shield,Marinell Devotay,5000,1,2024-03-13T23:10:11.000Z,https://universalis.app/market/2304
5379,Treated Spruce Lumber,Deevo Yunshuck,59979,1,2024-03-11T05:38:14.000Z,https://universalis.app/market/5379
2315,Bronze Saw,Elva Paradyne,4999,1,2024-03-15T05:35:27.000Z,https://universalis.app/market/2315
2316,Amateur's Saw,Bad Guy,250,1,2024-03-07T00:35:05.000Z,https://universalis.app/market/2316
2317,Chocobotail Saw,Azena Hatasashi,480,1,2024-03-06T16:38:57.000Z,https://universalis.app/market/2317
2318,Initiate's Saw,Ariana Blazen,5000,1,2024-03-15T18:16:06.000Z,https://universalis.app/market/2318
2319,Bas-relief Iron Saw,Arnet Atoel,4000,1,2024-03-13T23:04:29.000Z,https://universalis.app/market/2319
2320,Iron Chocobotail Saw,Jessinia Saneko,10040,1,2024-03-12T03:38:39.000Z,https://universalis.app/market/2320
2321,Bas-relief Steel Saw,Lux Draken,14999,1,2024-03-14T05:06:07.000Z,https://universalis.app/market/2321
2322,Crosscut Saw,Zakiel Deathblade,4999,1,2024-03-09T01:54:38.000Z,https://universalis.app/market/2322
2323,Mythril Saw,Koko Oroq,50000,1,2024-03-26T00:05:50.000Z,https://universalis.app/market/2323
2324,Mythril Chocobotail Saw,Lysa Striker,10000,1,2024-03-11T21:35:36.000Z,https://universalis.app/market/2324
2325,Bas-relief Cobalt Saw,Devilslayer Soulthief,20000,1,2024-03-22T01:33:46.000Z,https://universalis.app/market/2325
2328,Amateur's Claw Hammer,Joseph Dragonknight,3000,1,2024-03-09T08:09:08.000Z,https://universalis.app/market/2328
2329,Bronze Claw Hammer,Skii Whisks,400,1,2024-03-25T20:44:30.000Z,https://universalis.app/market/2329
2331,Iron Claw Hammer,King Azereth,49650,1,2024-03-20T18:35:36.000Z,https://universalis.app/market/2331
5483,Jellyfish Humours,Maius Lux-aurelius,1101,1,2024-03-20T00:12:39.000Z,https://universalis.app/market/5483
2332,Initiate's Claw Hammer,Ariana Blazen,450,1,2024-03-15T18:23:21.000Z,https://universalis.app/market/2332
2334,Steel Claw Hammer,Madeline Flayer,50000,1,2024-03-17T22:16:57.000Z,https://universalis.app/market/2334
2335,Wrapped Steel Claw Hammer,King Azereth,65000,1,2024-03-20T19:50:33.000Z,https://universalis.app/market/2335
5485,Linseed Oil,Zaryn Vysoren,3900,1,2024-03-28T20:53:44.000Z,https://universalis.app/market/5485
2337,Mythril Claw Hammer,Isau Saisei,65000,1,2024-03-23T17:08:57.000Z,https://universalis.app/market/2337
2338,Cobalt Claw Hammer,Rune Lightscale,22000,1,2024-03-05T03:38:59.000Z,https://universalis.app/market/2338
2339,Militia Claw Hammer,Pepper Nerbsdottir,50000,1,2024-03-28T20:34:13.000Z,https://universalis.app/market/2339
2341,Bronze Cross-pein Hammer,Evelynn Yui,1906,1,2024-03-29T19:35:34.000Z,https://universalis.app/market/2341
2342,Amateur's Cross-pein Hammer,Devilslayer Soulthief,752,1,2024-03-14T04:59:35.000Z,https://universalis.app/market/2342
2343,Birdsbeak Hammer,Bay Dawn,1000,1,2024-03-22T07:10:58.000Z,https://universalis.app/market/2343
5325,Undyed Cotton Cloth,Alvendalf Ymir,3000,6,2024-03-16T17:44:46.000Z,https://universalis.app/market/5325
2344,Iron Cross-pein Hammer,Ophelia Free,32999,1,2024-03-17T00:31:40.000Z,https://universalis.app/market/2344
2345,Initiate's Cross-pein Hammer,Alvendalf Ymir,40021,1,2024-03-17T00:26:53.000Z,https://universalis.app/market/2345
2346,Crowsbeak Hammer,Y'uumi Norra,20000,1,2024-03-12T04:15:49.000Z,https://universalis.app/market/2346
2347,Heavy Crowsbeak Hammer,Gilerandil Frostbane,9500,1,2024-03-08T04:13:20.000Z,https://universalis.app/market/2347
5326,Undyed Velveteen,Mugen Bob,10000,1,2024-03-25T19:55:03.000Z,https://universalis.app/market/5326
2349,Steel Crowsbeak Hammer,Bjorn Golmarr,34999,1,2024-03-11T20:34:24.000Z,https://universalis.app/market/2349
2350,Wrapped Crowsbeak Hammer,Liara Sandoval,55555,1,2024-03-05T23:27:32.000Z,https://universalis.app/market/2350
2351,Cobalt Cross-pein Hammer,Lux Draken,20000,1,2024-03-17T00:09:36.000Z,https://universalis.app/market/2351
2352,Wrapped Hawksbeak Hammer,Khanh N',10000,1,2024-03-16T19:34:56.000Z,https://universalis.app/market/2352
2355,Amateur's File,Maya Mhasi,10005,1,2024-03-08T02:16:34.000Z,https://universalis.app/market/2355
2356,Bronze File,Devilslayer Soulthief,592,1,2024-03-14T04:59:45.000Z,https://universalis.app/market/2356
2358,Iron File,Vernaud Nox,3575,1,2024-03-09T15:53:06.000Z,https://universalis.app/market/2358
2359,Initiate's File,Bad Wolfy,5000,1,2024-03-18T03:29:15.000Z,https://universalis.app/market/2359
2361,Steel File,Sarinthia Em,50059,1,2024-03-18T15:09:25.000Z,https://universalis.app/market/2361
2363,Mythril File,Averidia Rune,9000,1,2024-03-10T01:06:55.000Z,https://universalis.app/market/2363
2364,Cobalt File,Drogon Zaldrizes',30000,1,2024-03-20T06:13:28.000Z,https://universalis.app/market/2364
2365,Militia File,Zade Afarion,20129,1,2024-03-17T10:17:27.000Z,https://universalis.app/market/2365
2367,Bronze Doming Hammer,Riku Asada,499,1,2024-03-22T17:00:00.000Z,https://universalis.app/market/2367
2368,Amateur's Doming Hammer,Kagome Leonheart,50,1,2024-03-09T16:53:28.000Z,https://universalis.app/market/2368
2369,Bronze Raising Hammer,Zen Yatta,11,1,2024-03-09T17:03:38.000Z,https://universalis.app/market/2369
2370,Iron Doming Hammer,Nero Gardiner,4016,1,2024-03-29T04:49:07.000Z,https://universalis.app/market/2370
2371,Initiate's Doming Hammer,Emma Auberlaint,4000,1,2024-03-25T20:33:20.000Z,https://universalis.app/market/2371
2372,Iron Raising Hammer,Bad Guy,10000,1,2024-03-17T07:06:32.000Z,https://universalis.app/market/2372
2373,Wrapped Iron Raising Hammer,Sekka Naeuri,140,1,2024-03-15T16:15:09.000Z,https://universalis.app/market/2373
2374,Steel Doming Hammer,Jay Onyx,5000,1,2024-03-17T03:27:55.000Z,https://universalis.app/market/2374
2375,Steel Raising Hammer,Lux Draken,39990,1,2024-03-16T23:10:00.000Z,https://universalis.app/market/2375
2376,Cobalt Doming Hammer,Lux Draken,45000,1,2024-03-16T23:22:28.000Z,https://universalis.app/market/2376
2377,Cobalt Raising Hammer,Bartholomel Daegal,20000,1,2024-03-11T23:36:11.000Z,https://universalis.app/market/2377
2380,Amateur's Pliers,Kayla Lykke,9500,1,2024-03-25T21:51:56.000Z,https://universalis.app/market/2380
2381,Bronze Pliers,Silver Evren,576,1,2024-03-20T04:24:48.000Z,https://universalis.app/market/2381
2383,Iron Pliers,Devilslayer Soulthief,5021,1,2024-03-14T15:55:15.000Z,https://universalis.app/market/2383
2384,Initiate's Pliers,Rukia Himejima,3699,1,2024-03-09T06:29:34.000Z,https://universalis.app/market/2384
2386,Steel Pliers,King Azereth,35000,1,2024-03-18T09:36:09.000Z,https://universalis.app/market/2386
2388,Mythril Pliers,Sizhato Naldah,34999,1,2024-03-25T20:28:53.000Z,https://universalis.app/market/2388
2389,Cobalt Pliers,Averidia Rune,20000,1,2024-03-10T01:06:48.000Z,https://universalis.app/market/2389
2390,Militia Pliers,Verona Void,28000,1,2024-03-14T19:58:49.000Z,https://universalis.app/market/2390
2392,Bronze Chaser Hammer,Skyla Brightmore,200,1,2024-03-27T02:36:42.000Z,https://universalis.app/market/2392
2393,Amateur's Chaser Hammer,Anitamax Wynn,100,1,2024-03-21T19:28:16.000Z,https://universalis.app/market/2393
2394,Bronze Ornamental Hammer,Yuma Shuko,11,1,2024-03-18T03:34:33.000Z,https://universalis.app/market/2394
2395,Iron Chaser Hammer,Hanekawa Kett,1450,1,2024-03-25T17:55:28.000Z,https://universalis.app/market/2395
2396,Initiate's Chaser Hammer,Cole Roack,25021,1,2024-03-10T19:28:22.000Z,https://universalis.app/market/2396
2397,Iron Ornamental Hammer,Eruza Helianthus,5000,1,2024-03-30T06:27:54.000Z,https://universalis.app/market/2397
2398,Steel Chaser Hammer,Friend Boat,10000,1,2024-03-04T20:27:44.000Z,https://universalis.app/market/2398
2399,Steel Ornamental Hammer,Krysta Lightfoot,11162,1,2024-03-19T15:43:32.000Z,https://universalis.app/market/2399
2400,Mythril Ornamental Hammer,Lost Mans,65000,1,2024-03-22T01:55:14.000Z,https://universalis.app/market/2400
2401,Mythril Lapidary Hammer,Fayleen Mitoria,12500,1,2024-03-28T17:25:04.000Z,https://universalis.app/market/2401
2402,Electrum Lapidary Hammer,Ishgardian Emissary,20000,1,2024-03-07T00:40:29.000Z,https://universalis.app/market/2402
5183,Tourmaline,S'kiya Yoru,900,2,2024-03-08T12:54:26.000Z,https://universalis.app/market/5183
2405,Amateur's Grinding Wheel,Skii Whisks,14,1,2024-03-28T11:55:36.000Z,https://universalis.app/market/2405
2406,Ragstone Grinding Wheel,Soren Ganajai,7000,1,2024-03-17T03:56:39.000Z,https://universalis.app/market/2406
2408,Mudstone Grinding Wheel,Puddi Tatt,2600,1,2024-03-09T18:26:10.000Z,https://universalis.app/market/2408
5229,Mudstone,Tuan Nguyen,801,11,2024-03-06T14:33:06.000Z,https://universalis.app/market/5229
2409,Initiate's Grinding Wheel,Kohaku Kurohana,15000,1,2024-03-19T23:26:50.000Z,https://universalis.app/market/2409
2411,Siltstone Grinding Wheel,Vuli Livu,45000,1,2024-03-21T15:21:19.000Z,https://universalis.app/market/2411
5231,Siltstone,Waifu Reclaimer,1000,5,2024-03-27T17:04:37.000Z,https://universalis.app/market/5231
2413,Garnet Grinding Wheel,Raiden Yumatori,15000,1,2024-03-15T07:56:33.000Z,https://universalis.app/market/2413
5134,Raw Garnet,Omni Terasu,1000,1,2024-03-08T02:16:08.000Z,https://universalis.app/market/5134
2414,Basilisk Grinding Wheel,V'kebbe The'stray,25108,1,2024-03-05T20:47:45.000Z,https://universalis.app/market/2414
5263,Basilisk Egg,Shield Bae,900,9,2024-03-29T06:24:13.000Z,https://universalis.app/market/5263
2415,Militia Grinding Wheel,Nayomi Demons,25000,1,2024-03-18T20:38:11.000Z,https://universalis.app/market/2415
5158,Astral Rock,Palom Mysidia,490,34,2024-03-08T21:06:43.000Z,https://universalis.app/market/5158
2417,Bronze Head Knife,Kohaku Kurohana,12000,1,2024-03-07T22:14:43.000Z,https://universalis.app/market/2417
2419,Brass Head Knife,Takemikazuchi Ak,6000,1,2024-03-07T08:23:29.000Z,https://universalis.app/market/2419
2420,Initiate's Head Knife,Madeline Flayer,3518,1,2024-03-18T00:02:34.000Z,https://universalis.app/market/2420
2421,Iron Round Knife,Medoh Meshi,15000,1,2024-03-15T11:14:50.000Z,https://universalis.app/market/2421
2422,Iron Head Knife,Xyvyra Liadon,15000,1,2024-03-10T21:42:17.000Z,https://universalis.app/market/2422
2423,Silver Head Knife,Athena Scar,2000,1,2024-03-06T10:20:30.000Z,https://universalis.app/market/2423
2424,Steel Round Knife,Lux Draken,30000,1,2024-03-16T23:09:11.000Z,https://universalis.app/market/2424
2425,Mythril Head Knife,Rei Tatsuya,12500,1,2024-03-25T01:13:09.000Z,https://universalis.app/market/2425
2426,Mythril Round Knife,Jovvi Gahjewesfv,20000,1,2024-03-10T22:33:01.000Z,https://universalis.app/market/2426
2427,Electrum Head Knife,Glistening Gal,32500,1,2024-03-07T00:02:47.000Z,https://universalis.app/market/2427
2430,Amateur's Awl,Plum Plum,20000,1,2024-03-14T13:24:31.000Z,https://universalis.app/market/2430
2431,Bronze Awl,Athaleya Xanthius,400,1,2024-03-09T20:22:19.000Z,https://universalis.app/market/2431
2433,Iron Awl,Madeline Flayer,49018,1,2024-03-18T00:02:41.000Z,https://universalis.app/market/2433
2434,Initiate's Awl,Bad Guy,4026,1,2024-03-10T19:02:09.000Z,https://universalis.app/market/2434
2436,Steel Awl,Alex Era,50000,1,2024-03-20T23:57:19.000Z,https://universalis.app/market/2436
2437,Wrapped Steel Awl,Isau Saisei,55000,1,2024-03-23T16:59:59.000Z,https://universalis.app/market/2437
2439,Mythril Awl,Athena Scar,50000,1,2024-03-24T06:12:17.000Z,https://universalis.app/market/2439
2440,Cobalt Awl,Farsha Mythica,19999,1,2024-03-29T21:25:16.000Z,https://universalis.app/market/2440
2441,Militia Awl,Jovvi Gahjewesfv,10000,1,2024-03-10T22:32:19.000Z,https://universalis.app/market/2441
2443,Copper Needle,Alayna Lyneguard,76,1,2024-03-23T20:27:44.000Z,https://universalis.app/market/2443
2444,Bat Fang Needle,Eley Lalafeley,900,1,2024-03-28T01:44:40.000Z,https://universalis.app/market/2444
2445,Amateur's Needle,Anhur Xb,500,1,2024-03-23T21:35:19.000Z,https://universalis.app/market/2445
2446,Brass Needle,Valeria Sourin,5000,1,2024-03-15T05:44:46.000Z,https://universalis.app/market/2446
2447,Initiate's Needle,Feriah Fey,8500,1,2024-03-12T20:58:24.000Z,https://universalis.app/market/2447
2448,Silver Needle,Shukufuku Lofu,2879,1,2024-03-23T06:24:38.000Z,https://universalis.app/market/2448
2449,Worm Fang Needle,Aisha Rashan,55000,1,2024-03-15T18:47:19.000Z,https://universalis.app/market/2449
5447,Sandworm Fang,Yoimiya Naganohara,500,99,2024-03-05T22:56:39.000Z,https://universalis.app/market/5447
2450,Mythril Needle,Xillia Hightower,4000,1,2024-03-20T04:15:44.000Z,https://universalis.app/market/2450
2451,Wolf Fang Needle,Mihi Wilzuun,30900,1,2024-03-21T13:35:40.000Z,https://universalis.app/market/2451
2452,Thousand Needle,Gisela Westlake,25000,1,2024-03-16T17:01:08.000Z,https://universalis.app/market/2452
5468,Cactuar Needle,Shor Ahamut,2500,5,2024-03-06T01:08:38.000Z,https://universalis.app/market/5468
2453,Electrum Needle,Van Haigood,15000,1,2024-03-26T08:06:56.000Z,https://universalis.app/market/2453
2456,Amateur's Spinning Wheel,Licoco Lico,110,1,2024-03-14T20:04:20.000Z,https://universalis.app/market/2456
2457,Ash Spinning Wheel,Chi Granmamare,3309,1,2024-03-24T20:15:51.000Z,https://universalis.app/market/2457
2459,Initiate's Spinning Wheel,Vulle Rehw,5000,1,2024-03-13T15:36:59.000Z,https://universalis.app/market/2459
2460,Elm Spinning Wheel,Kaius Voidheart,19998,1,2024-03-17T00:14:02.000Z,https://universalis.app/market/2460
2462,Walnut Spinning Wheel,Skyla Brightmore,49999,1,2024-03-30T21:00:52.000Z,https://universalis.app/market/2462
2464,Mahogany Spinning Wheel,Cole Roack,75000,1,2024-03-09T17:38:11.000Z,https://universalis.app/market/2464
2465,Rosewood Spinning Wheel,Callum Agnar,26700,1,2024-03-06T03:02:29.000Z,https://universalis.app/market/2465
2466,Militia Spinning Wheel,Kiwi Froyo,35000,1,2024-03-15T03:14:51.000Z,https://universalis.app/market/2466
2468,Bronze Alembic,J'nasshym Lufkin,50000,1,2024-03-16T09:00:39.000Z,https://universalis.app/market/2468
2469,Amateur's Alembic,Kohaku Kurohana,10000,1,2024-03-05T09:13:38.000Z,https://universalis.app/market/2469
2470,Brass Alembic,Valgrim Nightbane,15000,1,2024-03-20T00:16:32.000Z,https://universalis.app/market/2470
2471,Initiate's Alembic,Allura Gilmore,5000,1,2024-03-22T22:13:45.000Z,https://universalis.app/market/2471
2472,Iron Alembic,Imma'b Deleveled,4026,1,2024-03-16T15:38:36.000Z,https://universalis.app/market/2472
2473,Conical Alembic,Alex Era,10040,1,2024-03-20T23:57:37.000Z,https://universalis.app/market/2473
2474,Steel Alembic,Sun Wu'kong,60000,1,2024-03-29T14:31:29.000Z,https://universalis.app/market/2474
2475,Silver Alembic,Ice Crystal,25000,1,2024-03-31T04:03:53.000Z,https://universalis.app/market/2475
2476,Mythril Alembic,Kami Kichi,15000,1,2024-03-16T00:37:59.000Z,https://universalis.app/market/2476
2477,Electrum Alembic,Worse Company,6000,1,2024-03-09T03:54:57.000Z,https://universalis.app/market/2477
2478,Thermal Alembic,Deuce Al-rashia,39910,1,2024-03-22T04:29:01.000Z,https://universalis.app/market/2478
2481,Amateur's Mortar,Olive Highgarden,1000,1,2024-03-18T23:16:17.000Z,https://universalis.app/market/2481
2482,Bronze Mortar,Anhur Xb,99,1,2024-03-22T18:15:10.000Z,https://universalis.app/market/2482
2484,Iron Mortar,Col Palmeri,9995,1,2024-03-22T23:27:40.000Z,https://universalis.app/market/2484
2485,Initiate's Mortar,I'm Sorry,226,1,2024-03-18T21:18:15.000Z,https://universalis.app/market/2485
2487,Steel Mortar,Oro Borus,14000,1,2024-03-21T09:32:16.000Z,https://universalis.app/market/2487
2488,Heavy Steel Mortar,Tuan Nguyen,45000,1,2024-03-14T14:44:26.000Z,https://universalis.app/market/2488
2490,Mythril Mortar,Adelaide Drewitt,15000,1,2024-03-17T06:05:12.000Z,https://universalis.app/market/2490
2491,Cobalt Mortar,Ladybug Kay,107106,1,2024-03-20T23:11:01.000Z,https://universalis.app/market/2491
2492,Militia Mortar,Caoimhe Quinn,50000,1,2024-03-21T10:45:33.000Z,https://universalis.app/market/2492
2494,Bronze Skillet,J'nasshym Lufkin,15000,1,2024-03-18T20:12:56.000Z,https://universalis.app/market/2494
2495,Amateur's Skillet,Autumn Drake,9998,1,2024-03-25T20:32:52.000Z,https://universalis.app/market/2495
2496,Iron Skillet,Ancient Warmind,5000,1,2024-03-19T23:53:17.000Z,https://universalis.app/market/2496
2497,Initiate's Skillet,Il Keiko,5000,1,2024-03-26T11:27:33.000Z,https://universalis.app/market/2497
2498,Iron Frypan,Phenotype Lizardking,10026,1,2024-03-04T01:35:06.000Z,https://universalis.app/market/2498
2499,Bomb Frypan,Lost Mans,12000,1,2024-03-19T00:16:41.000Z,https://universalis.app/market/2499
5528,Bomb Ash,Violet Trayvere,500,3,2024-03-15T17:50:10.000Z,https://universalis.app/market/5528
2500,Steel Skillet,King Azereth,2342,1,2024-03-16T10:43:28.000Z,https://universalis.app/market/2500
2501,White Skillet,Kassyla Bryndo,2500,1,2024-03-09T18:44:11.000Z,https://universalis.app/market/2501
2502,Steel Frypan,Rukia Himejima,55555,1,2024-03-04T10:01:32.000Z,https://universalis.app/market/2502
2503,Cobalt Skillet,Tek Daltur,10000,1,2024-03-14T18:12:21.000Z,https://universalis.app/market/2503
2504,Hells' Kitchen,Ravyn Thurnstone,60110,1,2024-03-22T11:08:46.000Z,https://universalis.app/market/2504
2507,Amateur's Culinary Knife,Ervosa Quantillus,3975,1,2024-03-13T00:36:25.000Z,https://universalis.app/market/2507
2508,Bronze Culinary Knife,Georgie Boy,5000,1,2024-03-11T17:51:44.000Z,https://universalis.app/market/2508
2510,Iron Culinary Knife,Akhe Njima,2519,1,2024-03-15T23:05:53.000Z,https://universalis.app/market/2510
2511,Initiate's Culinary Knife,Fin Dei-ijla,10000,1,2024-03-13T07:57:10.000Z,https://universalis.app/market/2511
2513,Steel Culinary Knife,Georgie Boy,50000,1,2024-03-28T09:27:12.000Z,https://universalis.app/market/2513
2514,Wrapped Steel Culinary Knife,Tuan Nguyen,40059,1,2024-03-14T15:55:04.000Z,https://universalis.app/market/2514
2516,Mythril Culinary Knife,Isau Saisei,55000,1,2024-03-23T17:08:48.000Z,https://universalis.app/market/2516
2517,Cobalt Culinary Knife,Sofia Firebird,35000,1,2024-03-23T00:17:37.000Z,https://universalis.app/market/2517
2518,Militia Culinary Knife,Rosora Raiden,29500,1,2024-03-08T19:13:40.000Z,https://universalis.app/market/2518
2520,Bronze Pickaxe,Thalia Castellan,2000,1,2024-03-28T11:28:20.000Z,https://universalis.app/market/2520
2521,Amateur's Pickaxe,Quinn Midori,1109,1,2024-03-10T05:01:08.000Z,https://universalis.app/market/2521
2522,Plumed Bronze Pickaxe,Illidari Nightfall,9011,1,2024-03-11T23:25:32.000Z,https://universalis.app/market/2522
2523,Iron Pickaxe,Yunalesca Yevon,39000,1,2024-03-23T23:55:40.000Z,https://universalis.app/market/2523
2524,Initiate's Pickaxe,Illidari Nightfall,7000,1,2024-03-12T00:19:32.000Z,https://universalis.app/market/2524
2525,Iron Dolabra,Ashensky Silverfang,15000,1,2024-03-09T17:16:52.000Z,https://universalis.app/market/2525
2526,Steel Pickaxe,Velvet Ale,18000,1,2024-03-04T20:00:32.000Z,https://universalis.app/market/2526
2527,Steel Dolabra,Paradox Revrhalgor,49856,1,2024-03-17T07:46:32.000Z,https://universalis.app/market/2527
2528,Plumed Mythril Pickaxe,Derpy Fool,64999,1,2024-03-30T02:11:08.000Z,https://universalis.app/market/2528
5327,Undyed Linen,Chaotic Monado,1750,26,2024-03-11T01:25:30.000Z,https://universalis.app/market/5327
2529,Cobalt Dolabra,Miki Chinen,6300,1,2024-03-26T18:22:35.000Z,https://universalis.app/market/2529
2530,Egret Dolabra,Crystal Lotus,59999,1,2024-03-20T07:24:20.000Z,https://universalis.app/market/2530
2534,Bronze Sledgehammer,About Blank,20000,1,2024-03-22T22:58:47.000Z,https://universalis.app/market/2534
2536,Initiate's Sledgehammer,Elias Ultima,25000,1,2024-03-18T22:09:55.000Z,https://universalis.app/market/2536
2537,Iron Sledgehammer,Illidari Nightfall,17500,1,2024-03-12T00:19:20.000Z,https://universalis.app/market/2537
2539,Steel Sledgehammer,Yunezia Ayula,50000,1,2024-03-06T13:26:09.000Z,https://universalis.app/market/2539
2540,Wrapped Steel Sledgehammer,Zel Vongul,50059,1,2024-03-17T04:31:05.000Z,https://universalis.app/market/2540
2542,Mythril Sledgehammer,Tuan Nguyen,25000,1,2024-03-14T14:43:09.000Z,https://universalis.app/market/2542
2543,Cobalt Sledgehammer,Airien Garn,25000,1,2024-03-04T03:59:00.000Z,https://universalis.app/market/2543
2544,Militia Sledgehammer,Risette Khilo,35555,1,2024-03-06T00:17:38.000Z,https://universalis.app/market/2544
2546,Bronze Hatchet,J'nasshym Lufkin,87000,1,2024-03-15T17:51:50.000Z,https://universalis.app/market/2546
2547,Amateur's Hatchet,Col Palmeri,824,1,2024-03-09T16:43:03.000Z,https://universalis.app/market/2547
2548,Iron Hatchet,Licoco Lico,12013,1,2024-03-20T08:00:05.000Z,https://universalis.app/market/2548
2549,Initiate's Hatchet,Ryddelia Mourningdire,4999,1,2024-03-28T13:07:46.000Z,https://universalis.app/market/2549
2550,Brass Hatchet,Skyfox Asura,5000,1,2024-03-06T00:52:05.000Z,https://universalis.app/market/2550
2551,Plumed Iron Hatchet,Silandra Mol,55555,1,2024-03-15T14:00:40.000Z,https://universalis.app/market/2551
5359,Chocobo Feather,Ash Ratbone,9000,3,2024-03-30T09:39:22.000Z,https://universalis.app/market/5359
2552,Steel Hatchet,Kohaku Kurohana,25000,1,2024-03-28T08:31:16.000Z,https://universalis.app/market/2552
2553,Plumed Steel Hatchet,Vellicoeur Starstruck,3100,1,2024-03-05T00:24:49.000Z,https://universalis.app/market/2553
2555,Cobalt Hatchet,Tal'ewain Ashe,29999,1,2024-03-28T00:24:12.000Z,https://universalis.app/market/2555
2556,Horned Hatchet,Jovvi Gahjewesfv,59999,1,2024-03-10T22:31:20.000Z,https://universalis.app/market/2556
2560,Bronze Scythe,About Blank,1600,1,2024-03-25T05:33:05.000Z,https://universalis.app/market/2560
2562,Iron Scythe,Miini Bravo,7499,1,2024-03-13T23:45:10.000Z,https://universalis.app/market/2562
2563,Initiate's Scythe,Skyfox Asura,5000,1,2024-03-06T00:51:59.000Z,https://universalis.app/market/2563
2565,Steel Scythe,Autumn Drake,30001,1,2024-03-21T21:28:09.000Z,https://universalis.app/market/2565
2566,Wrapped Steel Scythe,Devilslayer Soulthief,9999,1,2024-03-20T22:00:01.000Z,https://universalis.app/market/2566
2568,Mythril Scythe,Shiki Serene,20000,1,2024-03-18T01:31:17.000Z,https://universalis.app/market/2568
2569,Cobalt Scythe,Vlad Strife,30000,1,2024-03-16T10:23:31.000Z,https://universalis.app/market/2569
2570,Militia Scythe,Obi Tech,45000,1,2024-03-18T14:59:49.000Z,https://universalis.app/market/2570
2572,Maple Fishing Rod,Naki Zukata,3000,1,2024-03-04T01:57:59.000Z,https://universalis.app/market/2572
2573,Amateur's Fishing Rod,Gyosei Akari,708,1,2024-03-22T19:31:59.000Z,https://universalis.app/market/2573
2574,Elm Fishing Rod,Spllyn Iam,3999,1,2024-03-13T20:20:56.000Z,https://universalis.app/market/2574
2575,Initiate's Fishing Rod,Lost Mans,5000,1,2024-03-13T01:43:19.000Z,https://universalis.app/market/2575
2576,Yew Fishing Rod,J'nasshym Lufkin,50000,1,2024-03-16T09:00:27.000Z,https://universalis.app/market/2576
2577,Staghorn Fishing Rod,Bel Phine,12000,1,2024-03-29T23:11:33.000Z,https://universalis.app/market/2577
2578,Walnut Fishing Rod,Starfire Bellator,100000,1,2024-03-11T23:07:30.000Z,https://universalis.app/market/2578
2579,Horn Fishing Rod,Kohaku Kurohana,15000,1,2024-03-28T08:31:33.000Z,https://universalis.app/market/2579
2580,Mahogany Fishing Rod,Kohaku Kurohana,12500,1,2024-03-28T22:22:48.000Z,https://universalis.app/market/2580
2581,Rosewood Fishing Rod,Keiten Kurogane,20000,1,2024-03-10T00:03:19.000Z,https://universalis.app/market/2581
2582,Gilded Rosewood Fishing Rod,Astray Eclipse,45000,1,2024-03-07T02:59:37.000Z,https://universalis.app/market/2582
2588,Crayfish Ball,Tukty Darkew,400,10,2024-03-10T03:51:19.000Z,https://universalis.app/market/2588
4825,Rye Flour,Valgrim Nightbane,141,25,2024-03-18T23:58:24.000Z,https://universalis.app/market/4825
4925,Crayfish,J'nasshym Lufkin,11001,10,2024-03-15T17:52:56.000Z,https://universalis.app/market/4925
2589,Goby Ball,Krusos Aureus,1800,11,2024-03-17T02:56:20.000Z,https://universalis.app/market/2589
4931,Dusk Goby,Georgie Boy,1001,1,2024-03-11T17:49:19.000Z,https://universalis.app/market/4931
2593,Crab Ball,Jagannath Dragonheart,47,99,2024-03-11T15:20:29.000Z,https://universalis.app/market/2593
4880,Helmet Crab,Georgie Boy,6000,1,2024-03-11T18:27:24.000Z,https://universalis.app/market/4880
2595,Bass Ball,Claymore Darkstone,20,50,2024-03-06T18:32:57.000Z,https://universalis.app/market/2595
4826,Sunset Wheat Flour,Charlie Darkfire,500,2,2024-03-12T21:44:47.000Z,https://universalis.app/market/4826
4959,Dark Bass,Glam Orous,5000,2,2024-03-08T09:13:14.000Z,https://universalis.app/market/4959
2598,Herring Ball,Claymore Darkstone,100,99,2024-03-06T16:25:41.000Z,https://universalis.app/market/2598
4895,Indigo Herring,Bob Swagget,1000,3,2024-03-11T01:26:56.000Z,https://universalis.app/market/4895
2610,Chocobo Fly,Claudio Wristbreaker,149,1,2024-03-13T02:39:55.000Z,https://universalis.app/market/2610
2611,Floating Minnow,Mo'ni Ka,290,15,2024-03-04T22:18:19.000Z,https://universalis.app/market/2611
2612,Brass Spoon Lure,Lily Nightblessed,76,1,2024-03-09T02:47:43.000Z,https://universalis.app/market/2612
2614,Crow Fly,Jagannath Dragonheart,1000,12,2024-03-11T15:21:15.000Z,https://universalis.app/market/2614
2615,Silver Spoon Lure,Jagannath Dragonheart,47,99,2024-03-12T14:04:32.000Z,https://universalis.app/market/2615
2616,Steel Jig,Ceawlin Kazue,5000,1,2024-03-16T06:00:35.000Z,https://universalis.app/market/2616
2617,Sinking Minnow,Rose Evelyn,5999,1,2024-03-17T04:13:12.000Z,https://universalis.app/market/2617
2618,Snurble Fly,Human Person,4000,5,2024-03-28T21:38:01.000Z,https://universalis.app/market/2618
5349,Snurble Tufts,Chaotic Monado,1500,15,2024-03-31T01:07:05.000Z,https://universalis.app/market/5349
2619,Heavy Steel Jig,Zi Ly,3500,5,2024-03-07T14:40:21.000Z,https://universalis.app/market/2619
2620,Spinner,Frej Ei'kahn,5000,25,2024-03-07T07:25:57.000Z,https://universalis.app/market/2620
4900,Whitelip Oyster,Morna Lancaster,8796,17,2024-03-15T23:12:44.000Z,https://universalis.app/market/4900
2622,Mythril Spoon Lure,Jenny Hyrule,464,4,2024-03-17T03:58:01.000Z,https://universalis.app/market/2622
2623,Wildfowl Fly,Eley Lalafeley,2000,5,2024-03-06T02:23:34.000Z,https://universalis.app/market/2623
2624,Topwater Frog,Moristar Daegaur,3000,5,2024-03-07T08:15:57.000Z,https://universalis.app/market/2624
2625,Rainbow Spoon Lure,Cellia Barker,4998,2,2024-03-30T17:04:12.000Z,https://universalis.app/market/2625
5466,Blacklip Oyster,Katarina Powers,5000,5,2024-03-11T01:45:41.000Z,https://universalis.app/market/5466
2626,Spinnerbait,Mitya Dimitriou,5000,5,2024-03-23T16:17:13.000Z,https://universalis.app/market/2626
5329,Undyed Felt,Little Cook,10000,1,2024-03-09T23:38:03.000Z,https://universalis.app/market/5329
2627,Streamer,Xelcarina Taiklow,3000,5,2024-03-20T05:36:23.000Z,https://universalis.app/market/2627
2628,Yumizuno,Zi Ly,5000,96,2024-03-07T14:39:34.000Z,https://universalis.app/market/2628
2629,Hempen Coif,Kioko Shiro,999999,1,2024-03-30T01:39:14.000Z,https://universalis.app/market/2629
2630,Hempen Coif of Gathering,Jagannath Dragonheart,10000,1,2024-03-09T14:40:12.000Z,https://universalis.app/market/2630
2631,Leather Calot,Ervosa Quantillus,99999,1,2024-03-10T18:40:58.000Z,https://universalis.app/market/2631
12590,Ramie Cloth,Astray Eclipse,23420,3,2024-03-05T20:57:57.000Z,https://universalis.app/market/12590
12595,Ramie Thread,Takumi Iroha,5000,3,2024-03-30T03:41:04.000Z,https://universalis.app/market/12595
2652,Hempen Bandana,J'nasshym Lufkin,9995,1,2024-03-18T20:13:13.000Z,https://universalis.app/market/2652
2653,Leather Eyepatch,Aural Galanodel,10000000,1,2024-03-19T18:59:34.000Z,https://universalis.app/market/2653
2654,Hard Leather Pot Helm,Bry B'good,1499,1,2024-03-14T19:32:29.000Z,https://universalis.app/market/2654
2655,Hempen Hat,Garou Friedrich,5000,1,2024-03-26T01:30:50.000Z,https://universalis.app/market/2655
2656,Bronze Chain Coif,Catnip Lacroix,1500,1,2024-03-04T23:41:59.000Z,https://universalis.app/market/2656
5081,Bronze Rings,Akane Kiyomi,200,13,2024-03-23T14:16:26.000Z,https://universalis.app/market/5081
2658,Straw Hat,Owl Rukh,10000,1,2024-03-10T17:28:34.000Z,https://universalis.app/market/2658
5342,Straw,Calilo Fck,1200,20,2024-03-17T17:04:15.000Z,https://universalis.app/market/5342
2660,Amateur's Headgear,Lauri Ylonen,2000,1,2024-03-09T07:24:17.000Z,https://universalis.app/market/2660
2661,Amateur's Hempen Coif,Autumn Drake,7995,1,2024-03-17T16:33:36.000Z,https://universalis.app/market/2661
2662,Bronze Sallet,Kuroi Hono,25000000,1,2024-03-21T04:43:16.000Z,https://universalis.app/market/2662
2663,Stablemaid's Hat,Tora Leraie,9999,1,2024-03-12T01:56:46.000Z,https://universalis.app/market/2663
5540,Carnation,Eley Lalafeley,140,1,2024-03-10T17:50:46.000Z,https://universalis.app/market/5540
2664,Bronze Barbut,Autumn Drake,12999,1,2024-03-23T20:37:15.000Z,https://universalis.app/market/2664
2665,Cotton Turban,Sparkles Stormchaser,250,1,2024-03-16T05:38:57.000Z,https://universalis.app/market/2665
2666,Stablehand's Hat,About Blank,10000,1,2024-03-21T21:41:03.000Z,https://universalis.app/market/2666
2668,Brass Spectacles,Tabius Korinthos,10000,1,2024-03-20T15:54:22.000Z,https://universalis.app/market/2668
5512,Clear Glass Lens,Jorgo Petra,393,4,2024-03-11T13:43:29.000Z,https://universalis.app/market/5512
2669,Hard Leather Eyepatch,Vyn Dyctyve,489,1,2024-03-04T17:45:13.000Z,https://universalis.app/market/2669
2670,Cotton Scarf,Zakarsis M'oonstalker,18000000,1,2024-03-17T04:04:34.000Z,https://universalis.app/market/2670
2672,Hard Leather Skullcap,Pollo Scratch,120000,1,2024-03-24T05:29:48.000Z,https://universalis.app/market/2672
2673,Bronze Celata,Bertram Frey,4000,1,2024-03-31T15:30:30.000Z,https://universalis.app/market/2673
2675,Ash Mask,Lydia Xymox,3000000,1,2024-03-17T13:38:52.000Z,https://universalis.app/market/2675
2677,Hunting Hat,Eschina Blacke,3000,1,2024-03-18T13:54:21.000Z,https://universalis.app/market/2677
2680,Decorated Bronze Barbut,Fefy Bellegarde,112000,1,2024-03-17T22:47:23.000Z,https://universalis.app/market/2680
2685,Brass Circlet (Sunstone),Bay Dawn,3000,1,2024-03-22T23:59:11.000Z,https://universalis.app/market/2685
5169,Sunstone,Azena Hatasashi,780,1,2024-03-07T21:11:25.000Z,https://universalis.app/market/5169
2687,Brass Circlet (Danburite),Kame Mochi,2798,1,2024-03-13T20:15:06.000Z,https://universalis.app/market/2687
5170,Danburite,Mikh'ael Dakmjr,299,2,2024-03-30T00:58:39.000Z,https://universalis.app/market/5170
2689,Brass Circlet (Malachite),Deydrelithel Song,20000,1,2024-03-15T00:04:37.000Z,https://universalis.app/market/2689
5171,Malachite,Yam Stick,1001,1,2024-03-21T04:42:35.000Z,https://universalis.app/market/5171
2691,Brass Circlet (Sphene),Valgrim Nightbane,4500,1,2024-03-17T20:35:47.000Z,https://universalis.app/market/2691
5172,Sphene,Jasmine Shafto,300,1,2024-03-31T20:33:06.000Z,https://universalis.app/market/5172
2693,Brass Circlet (Fluorite),Tsume Thewolf,95,1,2024-03-23T07:44:00.000Z,https://universalis.app/market/2693
5173,Fluorite,Anaximander Aletheia,200,1,2024-03-20T08:23:09.000Z,https://universalis.app/market/5173
2695,Brass Circlet (Lapis Lazuli),Bad Guy,350,1,2024-03-29T01:18:22.000Z,https://universalis.app/market/2695
5174,Lapis Lazuli,Aryian Cosmic,4002,2,2024-03-04T20:08:10.000Z,https://universalis.app/market/5174
2697,Goatskin Pot Helm,Tech Gawd,26750,1,2024-03-17T17:19:11.000Z,https://universalis.app/market/2697
2699,Cotton Coif,Confsed Logic,2500,1,2024-03-17T22:59:20.000Z,https://universalis.app/market/2699
2700,Cotton Coif of Gathering,Bran Pooleqe,100000000,1,2024-03-16T17:05:21.000Z,https://universalis.app/market/2700
2703,Ash Mask (Lapis Lazuli),Emet Smol,12400,1,2024-03-06T12:33:18.000Z,https://universalis.app/market/2703
2708,Iron Sallet,Vincent Gray,1900,1,2024-03-30T16:08:39.000Z,https://universalis.app/market/2708
2710,Goatskin Eyepatch,Valcatin Storm-born,8000,1,2024-03-18T08:19:49.000Z,https://universalis.app/market/2710
2712,Iron Celata,Dingle Nugget,3000,1,2024-03-07T21:19:24.000Z,https://universalis.app/market/2712
5082,Iron Rings,Bry B'good,333,2,2024-03-31T03:36:34.000Z,https://universalis.app/market/5082
2714,Initiate's Headgear,Teddy Quack,50000,1,2024-03-04T02:12:15.000Z,https://universalis.app/market/2714
2719,Cotton Sugarloaf Hat,Kyouko Kawai,50000000,1,2024-03-27T19:00:17.000Z,https://universalis.app/market/2719
2723,Iron Elmo,Kohaku Kurohana,10000,1,2024-03-14T23:20:00.000Z,https://universalis.app/market/2723
2725,Reinforced Iron Sallet,Kohaku Kurohana,30000,1,2024-03-17T16:26:09.000Z,https://universalis.app/market/2725
2727,Velveteen Bandana,Darkest Rose,25500,1,2024-03-05T07:07:50.000Z,https://universalis.app/market/2727
2728,Silver Spectacles,Maya Lyr,40000,1,2024-03-15T11:49:00.000Z,https://universalis.app/market/2728
2729,Velveteen Turban,Alt Two,25000,1,2024-03-20T01:35:55.000Z,https://universalis.app/market/2729
2731,Silver Magnifiers,Fin Dei-ijla,10000,1,2024-03-13T07:58:10.000Z,https://universalis.app/market/2731
2733,Velveteen Wedge Cap of Crafting,Solaara Windynn,10499,1,2024-03-05T09:44:18.000Z,https://universalis.app/market/2733
2734,Velveteen Wedge Cap of Gathering,Generic Catguyrl,7000,1,2024-03-04T06:11:26.000Z,https://universalis.app/market/2734
2735,Silver Circlet (Garnet),Lillith Beelzebub,50000,1,2024-03-30T02:04:47.000Z,https://universalis.app/market/2735
5175,Garnet,Skie Wolvende,99,3,2024-03-23T17:38:12.000Z,https://universalis.app/market/5175
2737,Silver Circlet (Goshenite),Azie Emet,6999,1,2024-03-27T04:24:23.000Z,https://universalis.app/market/2737
5176,Goshenite,S'kiya Yoru,500,2,2024-03-08T14:48:28.000Z,https://universalis.app/market/5176
2739,Silver Circlet (Peridot),Fabien Lebarde,24000,1,2024-03-12T12:54:43.000Z,https://universalis.app/market/2739
5177,Peridot,Tuan Nguyen,454,2,2024-03-13T14:57:07.000Z,https://universalis.app/market/5177
2741,Silver Circlet (Heliodor),Riku Luna,40000,1,2024-03-16T18:13:25.000Z,https://universalis.app/market/2741
5178,Heliodor,Morgimir Curwe,1002,2,2024-03-28T22:17:53.000Z,https://universalis.app/market/5178
2743,Silver Circlet (Amethyst),Lost Mans,920,1,2024-03-20T00:35:45.000Z,https://universalis.app/market/2743
5179,Amethyst,Frobel Zontornum,185,4,2024-03-22T19:45:11.000Z,https://universalis.app/market/5179
2745,Silver Circlet (Aquamarine),Arc Wind,25000,1,2024-03-11T01:51:40.000Z,https://universalis.app/market/2745
5180,Aquamarine,Bunnnie Momma,200,1,2024-03-09T07:44:07.000Z,https://universalis.app/market/5180
2750,Velveteen Beret,Imma'b Deleveled,40023,1,2024-03-16T15:50:20.000Z,https://universalis.app/market/2750
5343,Cotton Boll,Xau Relanah,1000,20,2024-03-08T02:57:45.000Z,https://universalis.app/market/5343
5355,Dodo Feather,Xau Relanah,30000,67,2024-03-08T02:08:38.000Z,https://universalis.app/market/5355
2753,Steel Sallet,Leah Bella,39999,1,2024-03-07T11:38:40.000Z,https://universalis.app/market/2753
2755,Steel Celata,Relle Silvara,27000,1,2024-03-16T03:46:00.000Z,https://universalis.app/market/2755
2757,Vintage Celata,Ace Amorevolous,25000,1,2024-03-16T19:11:55.000Z,https://universalis.app/market/2757
2758,Steel Goggles,Tatsumi Foxx,120000,1,2024-03-30T20:27:04.000Z,https://universalis.app/market/2758
2763,Velveteen Sugarloaf Hat,Sakura Aino,80028,1,2024-03-16T11:23:33.000Z,https://universalis.app/market/2763
2765,Steel Elmo,Kagome Leonheart,49831,1,2024-03-21T00:01:05.000Z,https://universalis.app/market/2765
2767,Skull Eyepatch,Myi' Ke,22033,1,2024-03-31T04:20:11.000Z,https://universalis.app/market/2767
2769,Mythril Magnifiers,Y'uumi Norra,23000,1,2024-03-13T04:31:42.000Z,https://universalis.app/market/2769
2774,Mythril Spectacles,Predis Dulce,25000,1,2024-03-23T00:07:27.000Z,https://universalis.app/market/2774
2776,Linen Turban,Lyra Abyss,40033,1,2024-03-17T00:47:42.000Z,https://universalis.app/market/2776
2778,Angler's Hat,Kreiger Kha,59933,1,2024-03-12T00:30:19.000Z,https://universalis.app/market/2778
2779,Linen Hat,Hoban Washburne,70000,1,2024-03-09T22:38:42.000Z,https://universalis.app/market/2779
2785,Vintage Chef's Hat,Psyconia Serio,24991,1,2024-03-30T00:35:35.000Z,https://universalis.app/market/2785
2657,Ripped Chef's Hat,Jiraiya Sluger,9999,1,2024-03-11T21:46:18.000Z,https://universalis.app/market/2657
2786,Steel Barbut,Kagome Leonheart,60000,1,2024-03-24T01:47:16.000Z,https://universalis.app/market/2786
2788,Boarskin Pot Helm,Vex Colter,20000,1,2024-03-13T00:46:26.000Z,https://universalis.app/market/2788
2790,Mythril Circlet (Rubellite),Adelaide Drewitt,10000,1,2024-03-17T06:08:00.000Z,https://universalis.app/market/2790
5181,Rubellite,Lucio Dossantos,2000,1,2024-03-08T22:44:14.000Z,https://universalis.app/market/5181
2792,Mythril Circlet (Zircon),Georgie Boy,10000,1,2024-03-12T02:54:18.000Z,https://universalis.app/market/2792
5182,Zircon,Saige Ayers,999,2,2024-03-12T04:13:29.000Z,https://universalis.app/market/5182
2794,Mythril Circlet (Tourmaline),Mizuno Kai,13998,1,2024-03-12T10:54:37.000Z,https://universalis.app/market/2794
2796,Mythril Circlet (Amber),Evean Lannis,1000,1,2024-03-12T01:40:40.000Z,https://universalis.app/market/2796
5184,Amber,Noix Foresta,475,5,2024-03-26T18:10:54.000Z,https://universalis.app/market/5184
2798,Mythril Circlet (Spinel),Yamari Ursus,9984,1,2024-03-24T23:13:42.000Z,https://universalis.app/market/2798
5185,Spinel,Amy Laracyn,3500,9,2024-03-29T23:14:05.000Z,https://universalis.app/market/5185
2800,Mythril Circlet (Turquoise),Drako Azora,2000,1,2024-03-19T18:52:22.000Z,https://universalis.app/market/2800
5186,Turquoise,Akari Sara,700,6,2024-03-09T22:01:55.000Z,https://universalis.app/market/5186
2802,Mythril Elmo,Minute Hour,25000,1,2024-03-31T03:32:44.000Z,https://universalis.app/market/2802
2804,Linen Wedge Cap of Crafting,Asa Jewell,7000,1,2024-03-05T00:34:46.000Z,https://universalis.app/market/2804
2805,Linen Wedge Cap of Gathering,Soft Paws,7000,1,2024-03-08T06:24:35.000Z,https://universalis.app/market/2805
2806,Woolen Coif,Ser Olitold,29999,1,2024-03-24T18:32:29.000Z,https://universalis.app/market/2806
5328,Undyed Woolen Cloth,Kayuza Yayreza,15001,4,2024-03-21T03:49:36.000Z,https://universalis.app/market/5328
2808,Woolen Coif of Gathering,Addalyde Whiskers,25000,1,2024-03-24T20:06:56.000Z,https://universalis.app/market/2808
2810,Woolen Turban,Muzic Deaf,20000,1,2024-03-04T07:53:35.000Z,https://universalis.app/market/2810
2812,Mythril Celata,Xyvyra Liadon,19666,1,2024-03-29T21:53:53.000Z,https://universalis.app/market/2812
5089,Mythril Rings,Ularl Faladorin,1000,1,2024-03-22T04:09:51.000Z,https://universalis.app/market/5089
2814,Woolen Hat,Lux Draken,70001,1,2024-03-16T23:23:43.000Z,https://universalis.app/market/2814
2816,Linen Deerstalker,Sol Firemage,30000,1,2024-03-13T21:24:33.000Z,https://universalis.app/market/2816
2817,Mythril Barbut,Mirabelle Iris,30000,1,2024-03-16T00:33:11.000Z,https://universalis.app/market/2817
2819,Mythril Mesail,Rose Kimiko,50000,1,2024-03-11T19:54:47.000Z,https://universalis.app/market/2819
2825,Ranger's Hat,Guan Hollow,2000,1,2024-03-12T09:57:46.000Z,https://universalis.app/market/2825
2827,Mythril Chain Coif,Pengu Keyblader,29900,1,2024-03-12T17:04:01.000Z,https://universalis.app/market/2827
2829,Woolen Beret,Osknru Xbfikm,500000000,1,2024-03-20T18:14:58.000Z,https://universalis.app/market/2829
5348,Apkallu Down,Beren Orome,1700,12,2024-03-15T17:52:11.000Z,https://universalis.app/market/5348
2830,Reinforced Mythril Elmo,Juliet Capulet,48000,1,2024-03-09T19:20:20.000Z,https://universalis.app/market/2830
2832,Woolen Cavalier's Hat,Halsyan Daze,19850,1,2024-03-31T11:12:44.000Z,https://universalis.app/market/2832
2834,Cobalt Preserves,Sumire Tenshi,30048,1,2024-03-21T17:05:29.000Z,https://universalis.app/market/2834
2835,Felt Coif,Raiden Yumatori,10000,1,2024-03-15T13:40:33.000Z,https://universalis.app/market/2835
2837,Felt Coif of Gathering,Jay Onyx,30000,1,2024-03-17T03:24:52.000Z,https://universalis.app/market/2837
2850,Cobalt Elmo,Eesa Crumb,19600,1,2024-03-23T00:46:35.000Z,https://universalis.app/market/2850
2852,Felt Hat,Gisela Westlake,50000,1,2024-03-22T18:05:46.000Z,https://universalis.app/market/2852
2854,Woolen Deerstalker,Ravyn Thurnstone,19950,1,2024-03-08T13:20:08.000Z,https://universalis.app/market/2854
2855,Vintage Jester's Cap,Ri Kkore,24999,1,2024-03-23T22:57:39.000Z,https://universalis.app/market/2855
2702,Moldering Jester's Cap,S'kiya Yoru,9990,1,2024-03-15T20:40:48.000Z,https://universalis.app/market/2702
2857,Electrum Monocle,Andrew Nullitas,33059,1,2024-03-07T10:11:02.000Z,https://universalis.app/market/2857
5087,Brass Rings,S'kiya Yoru,142,2,2024-03-19T20:04:12.000Z,https://universalis.app/market/5087
2859,Cobalt Barbut,Ladybug Kay,30000,1,2024-03-20T23:11:40.000Z,https://universalis.app/market/2859
2861,Cobalt Mesail,Exodus Calibur,55000,1,2024-03-28T13:51:11.000Z,https://universalis.app/market/2861
2862,Raptorskin Pot Helm,Ilus O'cuill,60000,1,2024-03-05T20:28:38.000Z,https://universalis.app/market/2862
2870,Electrum Circlet (Rubellite),Rei Tatsuya,49750,1,2024-03-19T20:51:15.000Z,https://universalis.app/market/2870
2872,Electrum Circlet (Zircon),Khaja Mol,35555,1,2024-03-26T12:05:05.000Z,https://universalis.app/market/2872
2874,Electrum Circlet (Tourmaline),M'yria Keihas,15789,1,2024-03-25T07:16:10.000Z,https://universalis.app/market/2874
2876,Electrum Circlet (Amber),Glungis Gagoongis,33333,1,2024-03-12T17:57:51.000Z,https://universalis.app/market/2876
2878,Electrum Circlet (Spinel),Quix Silver,44444,1,2024-03-06T04:15:24.000Z,https://universalis.app/market/2878
2880,Electrum Circlet (Turquoise),Milo Amaliana,4400,1,2024-03-13T00:46:02.000Z,https://universalis.app/market/2880
2882,Rainmaker's Hat,Phenotype Lizardking,20000,1,2024-03-15T18:11:21.000Z,https://universalis.app/market/2882
2884,Cobalt Chain Coif,Vincent Gray,16660,1,2024-03-21T14:40:47.000Z,https://universalis.app/market/2884
5084,Cobalt Rings,S'kiya Yoru,400,22,2024-03-08T14:15:48.000Z,https://universalis.app/market/5084
2886,Felt Beret,Sun Wu'kong,39989,1,2024-03-29T14:31:59.000Z,https://universalis.app/market/2886
2888,Vintage Coif,Lilly Ariti,40000,1,2024-03-27T05:20:30.000Z,https://universalis.app/market/2888
2891,Felt Cavalier's Hat,Iona Callon,37062,1,2024-03-04T22:54:34.000Z,https://universalis.app/market/2891
2893,Cobalt Sallet,Ladybug Kay,35000,1,2024-03-24T21:31:13.000Z,https://universalis.app/market/2893
2895,Patrician's Wedge Cap,Skyla Brightmore,55554,1,2024-03-27T15:30:11.000Z,https://universalis.app/market/2895
2911,Militia Barbut,Duck Waffles,7500,1,2024-03-24T19:55:05.000Z,https://universalis.app/market/2911
2912,Militia Armet,Xavier Nioh,3895,1,2024-03-11T23:16:57.000Z,https://universalis.app/market/2912
2913,Militia Hat,Belladonna Styrnlona,1999,1,2024-03-17T07:53:39.000Z,https://universalis.app/market/2913
2915,Silver Tricorne,Star Cakes,19900,1,2024-03-12T19:03:21.000Z,https://universalis.app/market/2915
5287,Uraeus Leather,S'kiya Yoru,8000,5,2024-03-12T13:12:11.000Z,https://universalis.app/market/5287
2920,Carpenter's Hood,Rosso Rojo'rouge,25000,1,2024-03-25T02:09:04.000Z,https://universalis.app/market/2920
2921,Blacksmith's Goggles,Khanh N',10000,1,2024-03-16T19:37:41.000Z,https://universalis.app/market/2921
2922,Armorer's Visor,Kohko Kahkol,1065,1,2024-03-16T03:37:21.000Z,https://universalis.app/market/2922
2923,Goldsmith's Turban,Devilslayer Soulthief,24990,1,2024-03-22T01:39:09.000Z,https://universalis.app/market/2923
2924,Leatherworker's Hat,Jovvi Gahjewesfv,49949,1,2024-03-10T22:31:28.000Z,https://universalis.app/market/2924
2926,Alchemist's Monocle,Khang Kazuma,5065,1,2024-03-21T08:38:56.000Z,https://universalis.app/market/2926
2927,Culinarian's Hat,Aerouant Pendragon,38699,1,2024-03-07T00:19:03.000Z,https://universalis.app/market/2927
2928,Hamlet Digger's Helmet,Eden Hart,20000,1,2024-03-22T23:11:36.000Z,https://universalis.app/market/2928
2929,Hamlet Cutter's Hat,Nummi Navani,49968,1,2024-03-20T23:57:56.000Z,https://universalis.app/market/2929
2930,Hamlet Puller's Hat,Miki Chinen,30000,1,2024-03-26T18:14:26.000Z,https://universalis.app/market/2930
2932,Rose Gold Circlet,Astrid Hazelwood,5000,1,2024-03-24T03:53:19.000Z,https://universalis.app/market/2932
2931,Legionary Visor,Yugi Sama,855000000,1,2024-03-26T15:07:59.000Z,https://universalis.app/market/2931
5067,Rose Gold Ingot,Joey Wheeler,3000,99,2024-03-24T06:55:33.000Z,https://universalis.app/market/5067
2933,Imperial Operative Tricorne,Yuri Fangirl,3500,1,2024-03-22T18:12:57.000Z,https://universalis.app/market/2933
2934,Imperial Operative Hat,Roo Iam,5000,1,2024-03-15T04:11:28.000Z,https://universalis.app/market/2934
2938,Gryphonskin Bandana,Reacyn Pogue,3100,1,2024-03-30T03:32:01.000Z,https://universalis.app/market/2938
5289,Hard Hippogryph Leather,Brea Starscourge,4000,1,2024-03-13T17:23:01.000Z,https://universalis.app/market/5289
2939,Gryphonskin Hat,Yuri Fangirl,2495,1,2024-03-22T18:12:33.000Z,https://universalis.app/market/2939
2940,Darksteel Chain Coif,Iri Yatsurugi,2997,1,2024-03-26T18:41:47.000Z,https://universalis.app/market/2940
5085,Darksteel Rings,Tio Tot,203,1,2024-03-04T20:46:24.000Z,https://universalis.app/market/5085
2941,Vanya Hat of Casting,Mizuno Kai,9996,1,2024-03-13T22:00:44.000Z,https://universalis.app/market/2941
5577,Vanya Silk Hat Lining,Yuki Medamayaki,1666,1,2024-03-07T23:37:41.000Z,https://universalis.app/market/5577
2942,Vanya Hat of Healing,Cele Brimbor,8999,1,2024-03-30T07:06:30.000Z,https://universalis.app/market/2942
2958,Hempen Dalmatica,Rach Lynn,2000,1,2024-03-14T18:09:12.000Z,https://universalis.app/market/2958
2959,Hempen Dalmatica of Gathering,Clown Chan,63700000,1,2024-03-10T01:03:48.000Z,https://universalis.app/market/2959
2960,Hempen Tunic,Roselie Graymane,20000000,1,2024-03-23T22:16:44.000Z,https://universalis.app/market/2960
2961,Hempen Kurta,Princess Shortcake,255000000,1,2024-03-25T19:34:15.000Z,https://universalis.app/market/2961
2993,Company Tabard,Lunarex Dynastra,1300001,1,2024-03-04T01:09:12.000Z,https://universalis.app/market/2993
2996,Hempen Undershirt,Auron Kusangi,8000,1,2024-03-07T06:12:03.000Z,https://universalis.app/market/2996
2997,Hempen Camise,Mango Parfait,30000000,1,2024-03-26T01:28:48.000Z,https://universalis.app/market/2997
2999,Hempen Tabard,Caspian Vaux,80000,1,2024-03-12T15:26:20.000Z,https://universalis.app/market/2999
3000,Hempen Cowl,Eve Bylight,4500000,1,2024-03-27T21:21:40.000Z,https://universalis.app/market/3000
3001,Hempen Shepherd's Tunic,Ophelia Holsos,40000,1,2024-03-07T03:14:57.000Z,https://universalis.app/market/3001
3008,Hempen Acton,Eley Lalafeley,1600,1,2024-03-04T21:33:28.000Z,https://universalis.app/market/3008
5341,Moko Grass,Cassandra Frilaix,8900000,1,2024-03-12T19:50:41.000Z,https://universalis.app/market/5341
3010,Hempen Halfrobe,Matsu Merry,25000,1,2024-03-20T00:53:11.000Z,https://universalis.app/market/3010
3011,Bronze Haubergeon,Alice Lihzeh,2500,1,2024-03-22T07:50:45.000Z,https://universalis.app/market/3011
3013,Amateur's Doublet Vest,Owl Rukh,15000,1,2024-03-10T17:28:44.000Z,https://universalis.app/market/3013
3014,Amateur's Kurta,Takemikazuchi Ak,10000,1,2024-03-07T08:24:42.000Z,https://universalis.app/market/3014
3015,Amateur's Dalmatica,Klein Azusa,3150,1,2024-03-07T20:57:31.000Z,https://universalis.app/market/3015
3016,Leather Jacket,Tech Gawd,5000,1,2024-03-17T10:04:10.000Z,https://universalis.app/market/3016
3017,Hard Leather Harness,Casper Hrisos,10000,1,2024-03-23T21:36:52.000Z,https://universalis.app/market/3017
3018,Hempen Robe,Lieselotte Sherlock,1500,1,2024-03-04T06:18:58.000Z,https://universalis.app/market/3018
3019,Hempen Doublet Vest of Crafting,Alastor Kaplan,5000,1,2024-03-22T03:17:45.000Z,https://universalis.app/market/3019
3020,Hempen Doublet Vest of Gathering,Pollo Scratch,17000,1,2024-03-24T05:30:03.000Z,https://universalis.app/market/3020
3022,Cotton Shirt,Shinny Dancer,25000,1,2024-03-16T23:44:46.000Z,https://universalis.app/market/3022
3023,Cotton Shepherd's Tunic,Lou Zarr,50000,1,2024-03-23T15:39:15.000Z,https://universalis.app/market/3023
3024,Cotton Cowl,Ifritson Firedude,7999,1,2024-03-09T22:16:11.000Z,https://universalis.app/market/3024
3026,Bronze Cuirass,Yuki Oda,100,1,2024-03-08T06:23:27.000Z,https://universalis.app/market/3026
3028,Cotton Tabard,Alt Two,14013,1,2024-03-14T02:10:13.000Z,https://universalis.app/market/3028
3036,Cotton Dalmatica,Valeria Sourin,8500,1,2024-03-15T07:04:35.000Z,https://universalis.app/market/3036
3038,Cotton Dalmatica of Gathering,Cahxi Rhiki,25000,1,2024-03-06T14:27:20.000Z,https://universalis.app/market/3038
3039,Cotton Acton,Yohan I'iloue,29999,1,2024-03-26T23:36:54.000Z,https://universalis.app/market/3039
3041,Cotton Kurta,Hildr Valkyrin,74899,1,2024-03-24T22:04:30.000Z,https://universalis.app/market/3041
3043,Goatskin Jacket,Alastar Kuroi,900,1,2024-03-25T01:29:28.000Z,https://universalis.app/market/3043
3045,Iron Cuirass,Ancient Warmind,10000,1,2024-03-27T04:34:18.000Z,https://universalis.app/market/3045
3050,Cotton Halfrobe,Darkest Rose,5000,1,2024-03-05T07:07:59.000Z,https://universalis.app/market/3050
3052,Cotton Doublet Vest of Crafting,Teddy Quack,50000,1,2024-03-04T02:13:35.000Z,https://universalis.app/market/3052
3053,Cotton Doublet Vest of Gathering,Velvet Ale,25000,1,2024-03-04T19:38:13.000Z,https://universalis.app/market/3053
3057,Iron Scale Mail,Kohaku Kurohana,25000,1,2024-03-16T15:59:56.000Z,https://universalis.app/market/3057
3060,Cotton Trapper's Tunic,Ophelia Violette,9499,1,2024-03-14T04:20:07.000Z,https://universalis.app/market/3060
3062,Cotton Robe,Rue Palemoon,3995,1,2024-03-12T02:07:56.000Z,https://universalis.app/market/3062
3064,Initiate's Doublet Vest,Rukia Himejima,20000,1,2024-03-09T20:13:18.000Z,https://universalis.app/market/3064
3065,Initiate's Gown,Bad Wolfy,8500,1,2024-03-18T03:10:56.000Z,https://universalis.app/market/3065
3066,Velveteen Shirt,Lotus Solstice,27000,1,2024-03-12T08:14:26.000Z,https://universalis.app/market/3066
3068,Heavy Iron Armor,Alt Two,20000,1,2024-03-20T01:36:09.000Z,https://universalis.app/market/3068
3076,Vintage Coatee,Fjohen Askirada,18900,1,2024-03-12T17:09:38.000Z,https://universalis.app/market/3076
3009,Moth-eaten Coatee,Jihyo Park,10000,1,2024-03-05T04:41:55.000Z,https://universalis.app/market/3009
3077,Velveteen Coatee of Crafting,Saki Tac,49755,1,2024-03-26T21:56:42.000Z,https://universalis.app/market/3077
3090,Velveteen Cowl,Z'lele Arda,17500,1,2024-03-16T05:12:39.000Z,https://universalis.app/market/3090
3092,Velveteen Coatee of Gathering,Caoimhe Quinn,20000,1,2024-03-08T18:44:10.000Z,https://universalis.app/market/3092
3096,Steel Chainmail,Karol Wojtyla,55444,1,2024-03-16T12:03:07.000Z,https://universalis.app/market/3096
5083,Steel Rings,Catnip Lacroix,1997,1,2024-03-05T00:32:24.000Z,https://universalis.app/market/5083
3099,Toadskin Jerkin,Chibi Kun,48036,1,2024-03-13T04:46:57.000Z,https://universalis.app/market/3099
3100,Toadskin Jacket,Khaja Mol,55555,1,2024-03-16T11:42:21.000Z,https://universalis.app/market/3100
3102,Steel Cuirass,Astray Eclipse,25000,1,2024-03-18T20:11:52.000Z,https://universalis.app/market/3102
3104,Velveteen Gown,Shev Akunir,67999,1,2024-03-14T21:47:38.000Z,https://universalis.app/market/3104
3105,Vintage Doublet Vest,Sakura Aino,100000,1,2024-03-28T22:46:05.000Z,https://universalis.app/market/3105
2998,Frayed Cotton Doublet Vest,Haru Osamu,5000,1,2024-03-22T03:16:36.000Z,https://universalis.app/market/2998
3106,Velveteen Robe,Z'lele Arda,50000,1,2024-03-18T04:24:50.000Z,https://universalis.app/market/3106
3118,Steel Scale Mail,Titan Tiddies,45000,1,2024-03-17T19:41:13.000Z,https://universalis.app/market/3118
3120,Velveteen Doublet Vest of Crafting,Oro Borus,35500,1,2024-03-21T04:01:07.000Z,https://universalis.app/market/3120
3121,Velveteen Doublet Vest of Gathering,About Blank,46000,1,2024-03-21T21:53:42.000Z,https://universalis.app/market/3121
3125,Linen Shirt,Ervosa Quantillus,29999,1,2024-03-12T04:27:26.000Z,https://universalis.app/market/3125
3127,Heavy Steel Armor,Y'uumi Norra,30000,1,2024-03-17T18:03:49.000Z,https://universalis.app/market/3127
3131,Linen Robe,Circe Kirenay,10000,1,2024-03-14T19:24:21.000Z,https://universalis.app/market/3131
3137,Vintage Chef's Apron,Zilla Bell,35000,1,2024-03-24T02:02:18.000Z,https://universalis.app/market/3137
3012,Stained Chef's Apron,Asteria Thorne,13999,1,2024-03-18T02:23:07.000Z,https://universalis.app/market/3012
3138,Boarskin Harness,Tiny Pickles,50065,1,2024-03-21T06:51:03.000Z,https://universalis.app/market/3138
3140,Linen Cowl,Eclipse Vinux,20065,1,2024-03-17T05:18:06.000Z,https://universalis.app/market/3140
3142,Horn Scale Mail,Lucine Kurage,25000,1,2024-03-08T23:12:24.000Z,https://universalis.app/market/3142
3144,Linen Coatee of Crafting,Naruto Vowels,65000,1,2024-03-09T15:02:28.000Z,https://universalis.app/market/3144
3145,Linen Coatee of Gathering,Zay Zzz,25000,1,2024-03-18T09:11:46.000Z,https://universalis.app/market/3145
3146,Linen Bliaud,Ouka Ootori,30000,1,2024-03-26T00:53:05.000Z,https://universalis.app/market/3146
3147,Woolen Shirt,Ophelia Stoneheart,9500,1,2024-03-30T08:19:24.000Z,https://universalis.app/market/3147
3149,Mythril Cuirass,Juliet Capulet,38000,1,2024-03-09T19:15:22.000Z,https://universalis.app/market/3149
3160,Woolen Robe,Lux Draken,110000,1,2024-03-16T23:23:47.000Z,https://universalis.app/market/3160
3162,Linen Smock,Devilslayer Soulthief,35000,1,2024-03-20T02:50:02.000Z,https://universalis.app/market/3162
3163,Linen Doublet,Athena Scar,30000,1,2024-03-14T05:31:04.000Z,https://universalis.app/market/3163
3164,Vintage Scale Mail,Minute Hour,31578,1,2024-03-31T04:09:56.000Z,https://universalis.app/market/3164
3021,Blackened Scale Mail,U'mai Gyo,44500,1,2024-03-06T17:15:31.000Z,https://universalis.app/market/3021
3165,Peisteskin Harness,Zenith Gray,39999,1,2024-03-23T17:53:39.000Z,https://universalis.app/market/3165
3172,Ranger's Tunic,Leon Dragomir,25000,1,2024-03-17T16:28:28.000Z,https://universalis.app/market/3172
3174,Mythril Haubergeon,Ngha Jinjahl,35000,1,2024-03-08T23:26:07.000Z,https://universalis.app/market/3174
3176,Woolen Gown,Pochi Po,39000,1,2024-03-16T04:06:05.000Z,https://universalis.app/market/3176
3177,Boarskin Jerkin,Chii Chii,50000,1,2024-03-06T01:27:01.000Z,https://universalis.app/market/3177
3178,Woolen Bliaud,Annelise Golmarr,9999,1,2024-03-19T21:24:00.000Z,https://universalis.app/market/3178
3182,Vintage Seneschal Coatee,Muzic Deaf,50000,1,2024-03-06T23:05:21.000Z,https://universalis.app/market/3182
3098,Moth-eaten Seneschal Coatee,Otoha Kannagi,14000,1,2024-03-13T07:38:05.000Z,https://universalis.app/market/3098
3183,Tortoiseshell Scale Mail,Lockstep Ailoss,50000,1,2024-03-21T00:15:33.000Z,https://universalis.app/market/3183
3185,Felt Robe,Skyla Brightmore,50094,1,2024-03-25T04:57:22.000Z,https://universalis.app/market/3185
3187,Woolen Smock,Miaomiao Chong,25995,1,2024-03-16T06:17:29.000Z,https://universalis.app/market/3187
3188,Woolen Doublet,Edenian Saren,19999,1,2024-03-14T18:35:32.000Z,https://universalis.app/market/3188
3191,Raptorskin Harness,Azie Emet,25000,1,2024-03-10T09:52:27.000Z,https://universalis.app/market/3191
3193,Woolen Cowl,Carina Hart,29950,1,2024-03-18T23:36:01.000Z,https://universalis.app/market/3193
3201,Rainmaker's Tunic,Exodus Calibur,10000,1,2024-03-15T12:00:31.000Z,https://universalis.app/market/3201
3203,Cobalt Haubergeon,Pepper Nerbsdottir,55555,1,2024-03-28T04:00:42.000Z,https://universalis.app/market/3203
3205,Felt Gown,Jocy Lin,20000,1,2024-03-09T15:47:00.000Z,https://universalis.app/market/3205
3206,Raptorskin Jerkin,Dmitrycles Shiney,55555,1,2024-03-24T19:14:03.000Z,https://universalis.app/market/3206
3208,Vintage Robe,Merlin Altair,35000,1,2024-03-12T11:21:38.000Z,https://universalis.app/market/3208
3209,Cobalt Cuirass,Anya Dawnblade,23904,1,2024-03-21T15:15:10.000Z,https://universalis.app/market/3209
3211,Felt Bliaud,Xener Ren,54249,1,2024-03-17T17:46:11.000Z,https://universalis.app/market/3211
3213,Raptorskin Jacket,Oberon Yllavaris,80000,1,2024-03-05T14:38:46.000Z,https://universalis.app/market/3213
3215,Patrician's Coatee,Cyn V'naress,60109,1,2024-03-29T01:13:04.000Z,https://universalis.app/market/3215
3218,Vintage Haubergeon,Rhela Lanbatal,60105,1,2024-03-17T19:12:12.000Z,https://universalis.app/market/3218
3229,Carpenter's Gown,Quillreht Pandora,13900,1,2024-03-22T22:11:55.000Z,https://universalis.app/market/3229
3230,Blacksmith's Apron,Hildr Valkyrin,85000,1,2024-03-25T16:42:32.000Z,https://universalis.app/market/3230
3231,Armorer's Gown,Kohko Kahkol,15000,1,2024-03-16T03:37:25.000Z,https://universalis.app/market/3231
3232,Goldsmith's Doublet,Kizri Tsuki,50000,1,2024-03-04T18:47:00.000Z,https://universalis.app/market/3232
3233,Leatherworker's Shirt,Jovvi Gahjewesfv,31999,1,2024-03-10T22:31:36.000Z,https://universalis.app/market/3233
3235,Alchemist's Coat,Khang Kazuma,38999,1,2024-03-21T08:38:52.000Z,https://universalis.app/market/3235
3236,Culinarian's Apron,Sarah Gwillow,35000,1,2024-03-15T23:12:08.000Z,https://universalis.app/market/3236
3237,Miner's Shirt,Crystal Lotus,40000,1,2024-03-20T07:23:19.000Z,https://universalis.app/market/3237
3238,Botanist's Doublet,Nishoba Kiro,39990,1,2024-03-20T17:23:04.000Z,https://universalis.app/market/3238
3240,Militia Robe,Alexandra Flix,2000,1,2024-03-23T15:44:37.000Z,https://universalis.app/market/3240
3241,Militia Cuirass,Xavier Nioh,3999,1,2024-03-11T23:16:42.000Z,https://universalis.app/market/3241
3242,Militia Harness,Xeromas Somnus,46001,1,2024-03-24T06:20:06.000Z,https://universalis.app/market/3242
3243,Mosshorn Scale Mail,Xendris Prodrolus,25000,1,2024-03-07T07:59:48.000Z,https://universalis.app/market/3243
5437,Mossy Horn,Evelynn Lucivarian,5200000,1,2024-03-06T21:06:50.000Z,https://universalis.app/market/5437
3244,Dodore Doublet,Sollaeren Guilthana,65500,1,2024-03-18T20:32:35.000Z,https://universalis.app/market/3244
5286,Dodore Leather,Ryuujin Isley,1002,3,2024-03-22T10:42:27.000Z,https://universalis.app/market/5286
3249,Imperial Operative Dalmatica,Ruujyl Viirst,4999,1,2024-03-27T01:53:18.000Z,https://universalis.app/market/3249
3256,Heavy Darksteel Armor,Jesting Griffin,6500,1,2024-03-20T11:43:37.000Z,https://universalis.app/market/3256
5585,Darksteel Breastplate,Mura Sanatori,2800,2,2024-03-11T22:54:51.000Z,https://universalis.app/market/5585
5105,Garlean Steel Plate,S'kiya Yoru,29999,1,2024-03-08T14:25:00.000Z,https://universalis.app/market/5105
3258,Gryphonskin Jerkin,Auron Kusangi,4994,1,2024-03-24T03:05:12.000Z,https://universalis.app/market/3258
5290,Coeurl Fur,Lumi Suomi,444,2,2024-03-29T17:37:34.000Z,https://universalis.app/market/5290
5581,Gryphonskin Shoulder Guards,Tristan Miller,300,1,2024-03-21T00:29:14.000Z,https://universalis.app/market/5581
3259,Gryphonskin Tunic,Jaiyi Yatomoka,6998,1,2024-03-19T21:34:26.000Z,https://universalis.app/market/3259
5104,Garlean Steel Joint,Autumn Dusk,30000,3,2024-03-13T12:25:28.000Z,https://universalis.app/market/5104
