id,name,buyerName,pricePerUnit,quantity,timestamp,universalisUrl
1602,Bronze Bastard Sword,Courtesan Roulette,201009000,1,2024-06-23T04:55:02.000Z,https://universalis.app/market/1602
2,Fire Shard,Vasha Akusker,5501,139,2024-06-22T19:49:13.000Z,https://universalis.app/market/2
5,Earth Shard,Vasha Akusker,300,500,2024-06-22T19:50:21.000Z,https://universalis.app/market/5
5056,Bronze Ingot,Bera Faulkner,344,18,2024-06-13T02:37:36.000Z,https://universalis.app/market/5056
5361,Maple Lumber,Hamonoa Tammono,5000000,1,2024-06-16T15:02:14.000Z,https://universalis.app/market/5361
5432,Bone Chip,Raven Bane,1000,99,2024-06-16T18:44:01.000Z,https://universalis.app/market/5432
1603,Viking Sword,Khoai Tay,10004,1,2024-06-21T13:46:07.000Z,https://universalis.app/market/1603
5275,Leather,Avory Bernkastel,400,1,2024-06-12T06:42:08.000Z,https://universalis.app/market/5275
1604,Ash Macuahuitl,Nina Does,200000000,1,2024-06-29T00:09:32.000Z,https://universalis.app/market/1604
3,Ice Shard,Ruven Dorsys,175,55,2024-06-15T04:41:52.000Z,https://universalis.app/market/3
4,Wind Shard,Vasha Akusker,700,1000,2024-06-22T19:49:37.000Z,https://universalis.app/market/4
5124,Obsidian,Shabamzle Alter,1000,5,2024-07-01T22:34:39.000Z,https://universalis.app/market/5124
5364,Ash Lumber,Helba Ahieress,1000,1,2024-06-25T23:56:57.000Z,https://universalis.app/market/5364
1605,Bronze Spatha,Sol Deluna,14995,1,2024-06-24T20:53:16.000Z,https://universalis.app/market/1605
5276,Hard Leather,Asami Kohaku,1000,21,2024-06-30T20:35:44.000Z,https://universalis.app/market/5276
5434,Ram Horn,Afrit Telamon,137,46,2024-06-12T17:50:49.000Z,https://universalis.app/market/5434
1607,Brass Bastard Sword,Ciel Valentine,6000,1,2024-06-12T07:12:20.000Z,https://universalis.app/market/1607
5063,Brass Ingot,Puppy Princess,1999,86,2024-07-04T06:29:55.000Z,https://universalis.app/market/5063
1609,Brass Viking Sword,Hope Luxora,6000,1,2024-06-14T22:56:03.000Z,https://universalis.app/market/1609
5277,Aldgoat Leather,Ui Ui,5000,1,2024-06-12T06:39:05.000Z,https://universalis.app/market/5277
1611,Carnage Sword,Oki Doragon,2500,1,2024-06-30T20:35:49.000Z,https://universalis.app/market/1611
1614,Iron Shortsword,Azazel Blaze,2000,1,2024-06-29T03:58:33.000Z,https://universalis.app/market/1614
5057,Iron Ingot,Afrit Telamon,1000,1,2024-06-12T18:20:59.000Z,https://universalis.app/market/5057
5367,Elm Lumber,Myrikh Altan,1000,1,2024-06-16T01:26:10.000Z,https://universalis.app/market/5367
1622,Iron Spatha,Asano Rahl-majere,3019,1,2024-06-23T22:01:11.000Z,https://universalis.app/market/1622
5435,Antelope Horn,Atlas Strongarm,2500,1,2024-06-18T03:15:53.000Z,https://universalis.app/market/5435
1625,Steel Broadsword,Riley Grey,9000,1,2024-06-19T18:39:31.000Z,https://universalis.app/market/1625
5058,Steel Ingot,Zmega Galvus,2250,2,2024-06-12T15:49:45.000Z,https://universalis.app/market/5058
5371,Walnut Lumber,Zi Iy,100000,7,2024-06-25T11:38:03.000Z,https://universalis.app/market/5371
5444,Wolf Fang,Shun Kodakumi,9999,11,2024-06-26T05:24:58.000Z,https://universalis.app/market/5444
1627,Elm Macuahuitl,O'fae Ursine,799,1,2024-06-17T06:44:21.000Z,https://universalis.app/market/1627
1633,Steel Falchion,Noralia Eien,40036,1,2024-06-13T21:41:57.000Z,https://universalis.app/market/1633
5260,Siltstone Whetstone,Odjin Yorae,2000,1,2024-06-23T00:54:38.000Z,https://universalis.app/market/5260
8,Fire Crystal,Nazahn Adame,581,30,2024-07-06T22:07:23.000Z,https://universalis.app/market/8
5259,Mudstone Whetstone,Shady Smalls,1302,2,2024-07-05T02:56:13.000Z,https://universalis.app/market/5259
1637,Walnut Macuahuitl,Shoo Shoo,10042,1,2024-06-17T20:05:23.000Z,https://universalis.app/market/1637
5125,Wyvern Obsidian,Zmega Galvus,100,8,2024-06-12T19:55:41.000Z,https://universalis.app/market/5125
1639,Steel Longsword,Roehbhrat Ganzwilfsyn,25000,1,2024-06-20T20:47:39.000Z,https://universalis.app/market/1639
5504,Fish Glue,Karrthus Immortal,3497,2,2024-06-15T14:34:20.000Z,https://universalis.app/market/5504
1613,Blunt Goblin Scimitar,Rena Rysto,1500,1,2024-06-22T05:01:03.000Z,https://universalis.app/market/1613
1643,Mythril Broadsword,Kagome Leonheart,25000,1,2024-06-29T15:13:51.000Z,https://universalis.app/market/1643
5065,Mythril Ingot,Yozora Yume,5000,91,2024-06-24T23:27:30.000Z,https://universalis.app/market/5065
5373,Oak Lumber,Narton Grillairmais,15000,1,2024-07-04T02:32:25.000Z,https://universalis.app/market/5373
11,Earth Crystal,Vasha Akusker,998,200,2024-06-22T19:43:58.000Z,https://universalis.app/market/11
1616,Nicked Viking Sword,Osiris Neverwinter,17998,1,2024-07-02T17:24:37.000Z,https://universalis.app/market/1616
5262,Basilisk Whetstone,Shuo Duskborn,1000,30,2024-06-15T16:05:06.000Z,https://universalis.app/market/5262
1650,Plumed Oak Macuahuitl,Lottie Bahadir,9989,1,2024-06-24T21:05:59.000Z,https://universalis.app/market/1650
5360,Wildfowl Feather,Anwyn Fjellhammer,1000,2,2024-06-16T18:08:18.000Z,https://universalis.app/market/5360
1657,Cobalt Katzbalger,Insidious Akagane,17999,1,2024-06-12T20:43:43.000Z,https://universalis.app/market/1657
5059,Cobalt Ingot,Maellun Sunmane,23000,1,2024-06-24T22:31:24.000Z,https://universalis.app/market/5059
5066,Electrum Ingot,Azele Eunos,16000,1,2024-06-13T19:34:05.000Z,https://universalis.app/market/5066
5282,Boar Leather,Jovvi Gahjewesfv,20000,4,2024-07-04T11:02:28.000Z,https://universalis.app/market/5282
1659,Cobalt Shamshir,Sorrel Weiss,60000,1,2024-07-04T12:27:30.000Z,https://universalis.app/market/1659
5436,Aldgoat Horn,Nova Vulpecula,3000,1,2024-07-07T05:34:12.000Z,https://universalis.app/market/5436
1663,Cobalt Winglet,Sena Yehn,50000,1,2024-07-03T13:16:22.000Z,https://universalis.app/market/1663
5374,Mahogany Lumber,Caylin Whisperwood,3999,20,2024-07-04T23:31:37.000Z,https://universalis.app/market/5374
5465,Sunrise Tellin,Ophelia Navi,1000,6,2024-07-03T05:17:12.000Z,https://universalis.app/market/5465
5505,Horn Glue,Helba Ahieress,25000,1,2024-06-26T00:31:38.000Z,https://universalis.app/market/5505
1666,Giantsgall Longsword,Dzh Sck,30000000,1,2024-06-15T05:53:57.000Z,https://universalis.app/market/1666
18,Lightning Cluster,Tiamat Dragonhart,1001,4,2024-06-20T02:37:04.000Z,https://universalis.app/market/18
19,Water Cluster,Valmar Thundercord,349,101,2024-06-12T10:50:58.000Z,https://universalis.app/market/19
7579,Mossy Stone Sword,Patricia Luttrell,20,1,2024-07-05T13:25:27.000Z,https://universalis.app/market/7579
7620,Diluted Vitriol,Astaralynn Foreshadow,150,10,2024-06-19T19:41:52.000Z,https://universalis.app/market/7620
1670,Aeolian Scimitar,Bolimy Starshine,95000,1,2024-06-24T20:07:08.000Z,https://universalis.app/market/1670
1636,Blunt Aeolian Scimitar,Shy Verin,825,1,2024-06-17T23:51:11.000Z,https://universalis.app/market/1636
5061,Darksteel Nugget,Gunnar Armstrong,6000,1,2024-06-16T18:55:01.000Z,https://universalis.app/market/5061
1673,Mailbreaker,Lwan Sky,1500,1,2024-06-12T02:37:00.000Z,https://universalis.app/market/1673
14,Fire Cluster,Vasha Akusker,2001,100,2024-06-22T19:45:13.000Z,https://universalis.app/market/14
17,Earth Cluster,K'onhoa Jadental,1001,4,2024-06-14T15:37:49.000Z,https://universalis.app/market/17
5068,Rose Gold Nugget,Oblevee Kaisuri,5003,1,2024-06-25T03:33:03.000Z,https://universalis.app/market/5068
5288,Hippogryph Leather,Xlorp Zlorp,5000,1,2024-06-19T21:26:00.000Z,https://universalis.app/market/5288
5570,Mailbreaker Blade,Didrianna Winterset,2024,2,2024-07-01T23:06:21.000Z,https://universalis.app/market/5570
1681,Bone Hora,Sora Preston,20000,1,2024-06-16T08:03:13.000Z,https://universalis.app/market/1681
5318,Animal Sinew,Dancing Coeurl,211,99,2024-07-01T11:12:37.000Z,https://universalis.app/market/5318
1682,Leather Himantes,Hells Angel,2475,1,2024-06-21T23:49:56.000Z,https://universalis.app/market/1682
5324,Undyed Hempen Cloth,Seph Triste,1000,1,2024-07-09T19:38:06.000Z,https://universalis.app/market/5324
1683,Ramhorn Claws,Dagras Scalestrider,5000,1,2024-06-25T02:41:01.000Z,https://universalis.app/market/1683
1684,Bronze Knuckles,Morgan Arcadia,20009,1,2024-06-17T21:39:13.000Z,https://universalis.app/market/1684
1685,Hard Leather Himantes,Yuma Fujimoto,24,1,2024-07-01T05:48:21.000Z,https://universalis.app/market/1685
1686,Brass Knuckles,Cri'be Cribb,4995,1,2024-06-13T05:37:05.000Z,https://universalis.app/market/1686
1688,Goatskin Cesti,Subutai Oronir,9995,1,2024-06-17T05:09:30.000Z,https://universalis.app/market/1688
5319,Beast Sinew,Set Areh,3000,5,2024-07-05T15:31:28.000Z,https://universalis.app/market/5319
1694,Spiked Knuckles,Dano T'ier,12000,1,2024-06-16T01:01:08.000Z,https://universalis.app/market/1694
5072,Iron Plate,Dark Sunshine,2000,1,2024-06-13T00:02:01.000Z,https://universalis.app/market/5072
1697,Toadskin Cesti,Fioni Asra,14999,1,2024-06-21T01:58:04.000Z,https://universalis.app/market/1697
5280,Toad Leather,Aelyrasa Leafrost,5000,1,2024-07-04T09:15:03.000Z,https://universalis.app/market/5280
5320,Diremite Sinew,Orianne Absolute,750,4,2024-06-21T17:08:00.000Z,https://universalis.app/market/5320
1699,Steel Claws,Legato Hollow,5000,1,2024-06-30T06:13:42.000Z,https://universalis.app/market/1699
5073,Steel Plate,Moogs Poogs,3000,2,2024-06-21T20:14:16.000Z,https://universalis.app/market/5073
1706,Crabshell Hora,Titan Tiddies,30000,1,2024-06-16T19:45:50.000Z,https://universalis.app/market/1706
5321,Hippogryph Sinew,Greef Groff,10000,1,2024-07-05T02:59:34.000Z,https://universalis.app/market/5321
5456,Green Megalocrab Shell,Ms Eldari,3000,1,2024-06-24T02:50:30.000Z,https://universalis.app/market/5456
1708,Boarskin Himantes,Ciela Atkascha,4000,1,2024-06-23T04:44:52.000Z,https://universalis.app/market/1708
1711,Mythril Claws,Kris Darkness,33378,1,2024-06-17T18:19:05.000Z,https://universalis.app/market/1711
5079,Mythril Plate,Hjek Wolt,10000,1,2024-07-07T19:34:28.000Z,https://universalis.app/market/5079
1716,Tortoiseshell Hora,Mine Ittetsu,19000,1,2024-07-04T17:34:11.000Z,https://universalis.app/market/1716
5322,Raptor Sinew,Dred Darkness,1900,1,2024-07-05T05:41:03.000Z,https://universalis.app/market/5322
5458,Adamantoise Shell,Botcho Fulmhu,125,20,2024-06-24T10:12:04.000Z,https://universalis.app/market/5458
1723,Cobalt Knuckles,Luci Gremory,60000,1,2024-07-01T18:12:11.000Z,https://universalis.app/market/1723
1728,Peisteskin Cesti,Yunalesca Yevon,5500,1,2024-06-16T07:17:28.000Z,https://universalis.app/market/1728
5284,Peiste Leather,Galateia Starstrider,2000,1,2024-06-13T04:35:59.000Z,https://universalis.app/market/5284
1732,Vintage Hora,Seph Triste,44999,1,2024-06-16T19:45:00.000Z,https://universalis.app/market/1732
1701,Chipped Hora,Broken Stocks,435,1,2024-06-15T20:00:58.000Z,https://universalis.app/market/1701
5285,Raptor Leather,Dred Darkness,3999,1,2024-07-05T05:40:18.000Z,https://universalis.app/market/5285
1733,Cobalt Claws,Ameline Vendhen,30000,1,2024-06-16T20:26:47.000Z,https://universalis.app/market/1733
5074,Cobalt Plate,Keiko Satomi,2990,99,2024-06-21T16:58:01.000Z,https://universalis.app/market/5074
1736,Giantsgall Claws,Chi Chobits,1,1,2024-06-30T15:36:47.000Z,https://universalis.app/market/1736
1740,Wildling's Cesti,Sunbear Valace,59900,1,2024-06-18T12:52:28.000Z,https://universalis.app/market/1740
10,Wind Crystal,Xinx Shadowcharr,999,200,2024-06-16T03:45:31.000Z,https://universalis.app/market/10
5567,Bloody Cesti Covers,Didrianna Winterset,1516,1,2024-07-01T23:04:47.000Z,https://universalis.app/market/5567
5378,Spruce Lumber,Mholi Purpura,7133,4,2024-06-16T21:21:45.000Z,https://universalis.app/market/5378
5571,Avenger Grips,Didrianna Winterset,1350,1,2024-07-01T23:06:40.000Z,https://universalis.app/market/5571
1750,Bronze War Axe,Tamoie Kanshi,400000,1,2024-06-14T14:22:43.000Z,https://universalis.app/market/1750
1751,Bronze Labrys,Asano Rahl-majere,1099,1,2024-06-15T20:37:10.000Z,https://universalis.app/market/1751
1752,Cloud Axe,Sibert Swiftstrike,2995,1,2024-06-18T03:21:28.000Z,https://universalis.app/market/1752
1753,Spiked Bronze Labrys,Kane Hasegawa,25000,1,2024-06-15T19:53:01.000Z,https://universalis.app/market/1753
1754,Iron War Axe,Dark Sunshine,5000,1,2024-06-12T03:50:24.000Z,https://universalis.app/market/1754
1756,Iron Labrys,Greyll Borealis,15000,1,2024-07-01T09:44:53.000Z,https://universalis.app/market/1756
1758,Inferno Axe,Lylac Winter,5000,1,2024-06-19T22:18:34.000Z,https://universalis.app/market/1758
1764,Iron Bill,Dirty Martini,10023,1,2024-06-16T06:43:46.000Z,https://universalis.app/market/1764
4856,Clove Oil,Sol Deluna,2999,3,2024-07-06T01:03:29.000Z,https://universalis.app/market/4856
5368,Yew Lumber,Kanna Tenbe,1900,17,2024-07-05T15:27:52.000Z,https://universalis.app/market/5368
1766,Thunderstorm Axe,Kavian Mal,5000,1,2024-06-26T04:15:57.000Z,https://universalis.app/market/1766
5064,Silver Ingot,Dart Vermilion,5000,1,2024-06-14T23:39:29.000Z,https://universalis.app/market/5064
1769,Spiked Steel Labrys,Shoo Shoo,5041,1,2024-06-21T17:50:33.000Z,https://universalis.app/market/1769
1776,Steel Bardiche,Vrillis Fythe,50000,1,2024-06-14T01:48:44.000Z,https://universalis.app/market/1776
5405,Yew Branch,Zmega Galvus,1000,1,2024-06-12T22:11:34.000Z,https://universalis.app/market/5405
1778,Steel Bhuj,Sorrel Weiss,60000,1,2024-07-04T12:26:07.000Z,https://universalis.app/market/1778
1781,Spiked Mythril Labrys,Choco Muffin,35000,1,2024-06-20T09:28:40.000Z,https://universalis.app/market/1781
1786,Mythril Bhuj,Storm Nyteweaver,40000,1,2024-06-19T20:39:32.000Z,https://universalis.app/market/1786
1796,Buccaneer's Bardiche,Ryo Akira,55000,1,2024-07-08T03:25:20.000Z,https://universalis.app/market/1796
5414,Rosewood Branch,Myrikh Altan,501,8,2024-06-17T00:15:38.000Z,https://universalis.app/market/5414
1800,Vintage Bill,Maria Fen,8000,1,2024-07-01T23:24:05.000Z,https://universalis.app/market/1800
1801,Demilune Bhuj,Ginger Uwu,50000,1,2024-06-20T03:20:43.000Z,https://universalis.app/market/1801
5196,Jadeite,Mary Iyaa,5000,2,2024-06-17T22:47:15.000Z,https://universalis.app/market/5196
1803,Spiked Cobalt Labrys,Helmiknok Dadestoryer,40000,1,2024-06-16T22:39:02.000Z,https://universalis.app/market/1803
5376,Rosewood Lumber,Ra Zetzy,5000,1,2024-06-12T15:06:22.000Z,https://universalis.app/market/5376
1806,Giantsgall War Axe,Ssamgyup Sal,2995,1,2024-06-15T17:51:38.000Z,https://universalis.app/market/1806
7580,Mossy Stone Axe,Patricia Luttrell,20,1,2024-07-05T13:28:19.000Z,https://universalis.app/market/7580
1810,Barbarian's Bardiche,Ka'halid Reigan,69899,1,2024-07-02T17:49:15.000Z,https://universalis.app/market/1810
5566,Bloody Bardiche Head,Vesper Tamlyn,2690,1,2024-07-03T23:46:15.000Z,https://universalis.app/market/5566
1813,Rampager,Agnys Arkwright,1000,1,2024-06-15T00:01:56.000Z,https://universalis.app/market/1813
5075,Darksteel Plate,Mholi Purpura,5000,99,2024-06-15T19:52:53.000Z,https://universalis.app/market/5075
5572,Rampager Head,Didrianna Winterset,1789,1,2024-07-01T23:07:09.000Z,https://universalis.app/market/5572
1820,Bone Harpoon,Yoshii Piere,1000,1,2024-07-01T13:51:00.000Z,https://universalis.app/market/1820
5503,Animal Glue,Alesia Rayna,500,1,2024-06-25T05:39:36.000Z,https://universalis.app/market/5503
1821,Bronze Spear,Iri Hakuuci,1806,1,2024-07-08T04:22:54.000Z,https://universalis.app/market/1821
5482,Fish Oil,Asami Kohaku,1000,1,2024-06-30T20:08:02.000Z,https://universalis.app/market/5482
1822,Ramhorn Harpoon,Meena Fhey,150,1,2024-06-14T01:52:27.000Z,https://universalis.app/market/1822
1823,Feathered Harpoon,Rhazorex Highwind,9995,1,2024-06-12T16:59:04.000Z,https://universalis.app/market/1823
5352,Crow Feather,Zi Iy,1001,15,2024-06-20T06:53:03.000Z,https://universalis.app/market/5352
5433,Soiled Femur,Sir Gardy,100,99,2024-06-13T21:04:51.000Z,https://universalis.app/market/5433
1824,Brass Spear,Rhazorex Highwind,495,1,2024-06-12T16:59:10.000Z,https://universalis.app/market/1824
1825,Iron Spear,Valhalla Xernas,8799,1,2024-06-23T00:45:12.000Z,https://universalis.app/market/1825
1827,Iron Lance,Reggie The'bear,31000,1,2024-07-07T00:00:16.000Z,https://universalis.app/market/1827
1833,Iron Guisarme,Draco Blackfyre,4999,1,2024-06-25T20:40:09.000Z,https://universalis.app/market/1833
1836,Silver Battle Fork,Lily Kay,5000,1,2024-06-20T17:47:49.000Z,https://universalis.app/market/1836
5484,Crab Oil,Rue Thaelmore,5500,1,2024-06-17T22:02:54.000Z,https://universalis.app/market/5484
1838,Steel Halberd,Sean Hyson,8999,1,2024-06-12T13:41:09.000Z,https://universalis.app/market/1838
1845,Steel Spear,Plasmic Wolf,20000,1,2024-06-30T14:14:03.000Z,https://universalis.app/market/1845
1847,Heavy Steel Lance,Tea Rawrdyd,26989,1,2024-07-06T03:02:38.000Z,https://universalis.app/market/1847
1850,Yarzonshell Harpoon,Hellfire Neibros,22000,1,2024-06-15T02:57:00.000Z,https://universalis.app/market/1850
5454,Yellow Yarzon Leg,Ms Eldari,999,3,2024-07-02T03:41:32.000Z,https://universalis.app/market/5454
1855,Mythril Lance,Meena Fhey,10000,1,2024-06-30T04:59:44.000Z,https://universalis.app/market/1855
1862,Cobalt Halberd,Zi Iy,63000,1,2024-06-25T11:38:34.000Z,https://universalis.app/market/1862
1867,Cobalt Trident,Sunny Li,20999,1,2024-07-08T20:42:34.000Z,https://universalis.app/market/1867
5486,Shark Oil,Sasha Yuwaku-sha,7480,9,2024-06-13T01:35:21.000Z,https://universalis.app/market/5486
9,Ice Crystal,Vasha Akusker,998,200,2024-06-22T19:43:00.000Z,https://universalis.app/market/9
1872,Hart Guisarme,Ver Night,11000,1,2024-07-02T00:30:36.000Z,https://universalis.app/market/1872
1875,Giantsgall Trident,Rion Mori,1000,1,2024-06-21T21:55:48.000Z,https://universalis.app/market/1875
1879,Champion's Lance,Sephiroths Bussy,40000,1,2024-06-14T03:53:16.000Z,https://universalis.app/market/1879
5565,Bloody Lance Head,Kroome Trivale,6999,1,2024-06-13T04:20:10.000Z,https://universalis.app/market/5565
1882,Obelisk,Logan Valentine,4500,1,2024-07-01T15:11:18.000Z,https://universalis.app/market/1882
5573,Obelisk Head,Didrianna Winterset,1000,2,2024-07-01T23:07:29.000Z,https://universalis.app/market/5573
1891,Maple Shortbow,Muscle Milkers,3995,1,2024-06-12T03:39:02.000Z,https://universalis.app/market/1891
5333,Hempen Yarn,Kanin Mahyz,500,4,2024-06-14T21:04:46.000Z,https://universalis.app/market/5333
1892,Maple Longbow,Kofuku Binbougami,3000,1,2024-06-19T03:09:37.000Z,https://universalis.app/market/1892
5396,Maple Branch,Arumath Purpledoom,750,1,2024-06-25T23:03:49.000Z,https://universalis.app/market/5396
1893,Plumed Maple Shortbow,Reckless Pink,145,1,2024-06-21T11:43:32.000Z,https://universalis.app/market/1893
5351,Cock Feather,Bethov Thy,100,3,2024-06-18T03:27:16.000Z,https://universalis.app/market/5351
1894,Wrapped Maple Longbow,Atlanna Love,800,1,2024-06-13T18:02:01.000Z,https://universalis.app/market/1894
5402,Ash Branch,Draven Icepelt,1001,7,2024-07-07T23:09:15.000Z,https://universalis.app/market/5402
1895,Ash Shortbow,Ichigo Higanbana,10600,1,2024-06-12T23:57:57.000Z,https://universalis.app/market/1895
1897,Elm Longbow,Francis J'radn'ads,8000,1,2024-06-17T03:57:00.000Z,https://universalis.app/market/1897
5334,Cotton Yarn,Asami Kohaku,1002,26,2024-06-24T04:36:53.000Z,https://universalis.app/market/5334
1899,Elm Velocity Bow,Shadow Kuro,100,1,2024-06-13T06:31:28.000Z,https://universalis.app/market/1899
1905,Wrapped Elm Longbow,Lily Kay,20000,1,2024-06-13T01:02:30.000Z,https://universalis.app/market/1905
1908,Ash Composite Bow,Dreamy Star,6995,1,2024-06-16T03:47:11.000Z,https://universalis.app/market/1908
1915,Ash Cavalry Bow,Noix Foresta,30000,1,2024-07-02T03:14:22.000Z,https://universalis.app/market/1915
5409,Oak Branch,G'zulh Nunh,1000,4,2024-06-29T03:36:59.000Z,https://universalis.app/market/5409
1917,Oak Longbow,Sizu Raha,55555,1,2024-06-13T08:07:54.000Z,https://universalis.app/market/1917
5336,Linen Yarn,Alloye Oronir,5000,2,2024-07-05T01:05:36.000Z,https://universalis.app/market/5336
1920,Mythril Cavalry Bow,Mystery Nuggs,27999,1,2024-06-13T00:36:21.000Z,https://universalis.app/market/1920
1925,Oak Composite Bow,Umeyasha Mellissan,60000,1,2024-07-02T20:11:51.000Z,https://universalis.app/market/1925
1932,Cobalt Cavalry Bow,Lurias Bael,20000,1,2024-06-15T20:20:58.000Z,https://universalis.app/market/1932
1937,Yew Longbow,Myia Wallace,55555,1,2024-06-12T18:02:25.000Z,https://universalis.app/market/1937
1941,Vintage Bow,Mahdi Rowalah,5000,1,2024-06-19T03:59:03.000Z,https://universalis.app/market/1941
1942,Crab Bow,Strawberry Lost,60000,1,2024-07-03T21:38:41.000Z,https://universalis.app/market/1942
5462,Red Coral,Luja Santos,6000,2,2024-06-22T23:53:31.000Z,https://universalis.app/market/5462
1945,Giantsgall Longbow,Ferali Sekhmet,150,1,2024-07-05T10:25:45.000Z,https://universalis.app/market/1945
1949,Longarm's Composite Bow,Sunbear Valace,69900,1,2024-06-18T12:57:48.000Z,https://universalis.app/market/1949
5568,Bloody Bow Rim,Didrianna Winterset,1999,1,2024-07-01T23:05:14.000Z,https://universalis.app/market/5568
1953,Sarnga,Merlin Shikamaru,2194,1,2024-06-20T17:52:43.000Z,https://universalis.app/market/1953
15,Ice Cluster,Tiamat Dragonhart,1001,5,2024-06-20T23:36:39.000Z,https://universalis.app/market/15
16,Wind Cluster,Yoshii Piere,1001,5,2024-06-22T07:01:45.000Z,https://universalis.app/market/16
5574,Sarnga Limb,Chile Mango,2300,2,2024-06-12T15:59:45.000Z,https://universalis.app/market/5574
1958,Maple Wand,Kiera Darkborn,20000,1,2024-06-18T01:14:53.000Z,https://universalis.app/market/1958
6,Lightning Shard,Enci Strife,900,300,2024-06-23T05:41:26.000Z,https://universalis.app/market/6
7,Water Shard,Enci Strife,500,900,2024-06-23T05:41:38.000Z,https://universalis.app/market/7
5470,Growth Formula Alpha,Mary Iyaa,2000,1,2024-06-13T00:03:53.000Z,https://universalis.app/market/5470
1959,Whispering Maple Wand,Ryker Biscuitway,24000,1,2024-06-12T03:27:52.000Z,https://universalis.app/market/1959
1960,Budding Maple Wand,Lain Layer,10000,1,2024-06-28T15:16:50.000Z,https://universalis.app/market/1960
5492,Beastkin Blood,Kuro Yoru,200,3,2024-07-04T01:44:35.000Z,https://universalis.app/market/5492
1961,Ash Wand,Leah Tribal,5009,1,2024-06-21T20:28:24.000Z,https://universalis.app/market/1961
5471,Growth Formula Beta,Mini Jade,5000,1,2024-06-13T18:52:17.000Z,https://universalis.app/market/5471
1963,Budding Ash Wand,Mine Ittetsu,20000,1,2024-07-06T02:03:58.000Z,https://universalis.app/market/1963
1965,Whispering Ash Wand,Oskii Smolcat,1000,1,2024-06-14T22:26:46.000Z,https://universalis.app/market/1965
5493,Scalekin Blood,Moonrae Mojo,1201,1,2024-06-16T10:54:17.000Z,https://universalis.app/market/5493
1967,Yew Wand,Liz Zombie,20000,1,2024-06-16T04:59:58.000Z,https://universalis.app/market/1967
1969,Budding Yew Wand,Rabid Pringles,20000,1,2024-06-15T23:34:56.000Z,https://universalis.app/market/1969
1971,Budding Oak Wand,Ragnar Viirst,40000,1,2024-06-14T04:02:23.000Z,https://universalis.app/market/1971
4603,Hi-Potion of Mind,Robotic Savage,1000,1,2024-07-06T00:07:21.000Z,https://universalis.app/market/4603
1974,Wand of Frost,Od Bolir,20000,1,2024-06-13T17:26:40.000Z,https://universalis.app/market/1974
5199,Eye of Ice,Ginger Uwu,240,1,2024-06-23T16:26:38.000Z,https://universalis.app/market/5199
5472,Growth Formula Gamma,Chaey Im,2000,1,2024-06-12T15:26:01.000Z,https://universalis.app/market/5472
1976,Wand of Tremors,Angel Lightborn,35000,1,2024-06-13T11:24:03.000Z,https://universalis.app/market/1976
5201,Eye of Earth,Emoni Clay,1000,2,2024-06-12T03:43:36.000Z,https://universalis.app/market/5201
1978,Wand of Tides,Rhaegar Black,79953,1,2024-06-13T13:27:21.000Z,https://universalis.app/market/1978
5203,Eye of Water,Bethov Thy,100,1,2024-06-23T14:35:12.000Z,https://universalis.app/market/5203
1981,Wand of Flames,Astrid Zegoat,3000,1,2024-06-14T15:48:52.000Z,https://universalis.app/market/1981
5198,Eye of Fire,Ddytautme Howtontrpth,58000,1,2024-07-05T00:53:58.000Z,https://universalis.app/market/5198
5200,Eye of Wind,Neko Des,100,3,2024-06-15T01:04:04.000Z,https://universalis.app/market/5200
1985,Wand of Storms,Giah Gainsborough,2800,1,2024-07-06T19:23:15.000Z,https://universalis.app/market/1985
5202,Eye of Lightning,Isobel Gowdie,50,1,2024-06-24T22:04:05.000Z,https://universalis.app/market/5202
1987,Budding Rosewood Wand,Zoro Hawkeye,55555,1,2024-06-15T04:31:45.000Z,https://universalis.app/market/1987
4608,Mega-Potion of Mind,Voronwe Nairel,30000,1,2024-06-19T01:42:33.000Z,https://universalis.app/market/4608
5494,Spoken Blood,Nae Zie,10000,1,2024-06-16T21:33:52.000Z,https://universalis.app/market/5494
1996,Maple Cane,Batty Esmour,5000,1,2024-06-19T04:09:05.000Z,https://universalis.app/market/1996
1997,Maple Crook,Kalcaion Kasenumi,9500,1,2024-06-25T01:42:23.000Z,https://universalis.app/market/1997
1998,Ash Radical,Mr Aliazium,2011,1,2024-06-15T08:37:16.000Z,https://universalis.app/market/1998
2000,Elm Cane,Xeno Oni,8999,1,2024-07-03T22:20:00.000Z,https://universalis.app/market/2000
2002,Elm Crook,Hana Erebus,350,1,2024-06-24T07:56:59.000Z,https://universalis.app/market/2002
2004,Yew Radical,Focks Bocks,9999,1,2024-07-06T20:15:56.000Z,https://universalis.app/market/2004
2010,Pastoral Yew Cane,Leif Fairune,3989,1,2024-06-17T01:13:50.000Z,https://universalis.app/market/2010
2011,Yew Crook,Asano Rahl-majere,3499,1,2024-06-23T22:06:40.000Z,https://universalis.app/market/2011
2015,Walnut Cane,Silky Squiid,29998,1,2024-07-01T16:03:35.000Z,https://universalis.app/market/2015
2021,Plumed Yew Crook,Kenshiro Arwing,34000,1,2024-06-25T19:47:35.000Z,https://universalis.app/market/2021
2023,Oak Radical,Zodem Undomiel,36999,1,2024-07-08T01:51:19.000Z,https://universalis.app/market/2023
2026,Pastoral Oak Cane,Nagi Raha,30000,1,2024-06-29T05:55:23.000Z,https://universalis.app/market/2026
2030,Sprouting Rosewood Radical,Sombre Dragonne,17000,1,2024-06-30T04:55:24.000Z,https://universalis.app/market/2030
2039,Jade Crook,Myia Wallace,55555,1,2024-06-12T18:02:10.000Z,https://universalis.app/market/2039
2041,Vintage Cane,Suzu Akari,10000,1,2024-06-16T00:19:27.000Z,https://universalis.app/market/2041
2014,Splintered Cane,Heath Rara,500,1,2024-07-06T08:03:55.000Z,https://universalis.app/market/2014
2044,Pastoral Mahogany Cane,Od Bolir,18000,1,2024-06-13T17:27:10.000Z,https://universalis.app/market/2044
5335,Dew Thread,Timitoah Xylixus,2499,1,2024-06-15T08:40:53.000Z,https://universalis.app/market/5335
2047,Tane Mahuta,Plasmic Wolf,25000,1,2024-06-18T23:16:45.000Z,https://universalis.app/market/2047
5555,Ochu Vine,Thelanicus Revarion,1100,7,2024-06-23T01:48:45.000Z,https://universalis.app/market/5555
2048,Giantsgall Cane,Ansel Qestir,3000,1,2024-06-22T18:54:56.000Z,https://universalis.app/market/2048
2049,Madman's Whispering Rod,Sunbear Valace,69769,1,2024-06-18T12:58:33.000Z,https://universalis.app/market/2049
12,Lightning Crystal,Vasha Akusker,998,200,2024-06-22T19:44:13.000Z,https://universalis.app/market/12
13,Water Crystal,Arcturus Macajuel,890,100,2024-07-07T22:01:11.000Z,https://universalis.app/market/13
5473,Growth Formula Delta,Marza Ming,1250,1,2024-06-14T00:46:40.000Z,https://universalis.app/market/5473
5537,Thavnairian Mistletoe,Rorolai Sasim,190,34,2024-06-13T03:49:12.000Z,https://universalis.app/market/5537
5547,Vampire Plant,Khoai Tay,485,2,2024-06-24T05:35:31.000Z,https://universalis.app/market/5547
2051,Alkalurops,Wanderer Rose,10000,1,2024-06-13T23:59:14.000Z,https://universalis.app/market/2051
5575,Suspended Trillium Flower,Didrianna Winterset,1698,2,2024-07-01T23:07:56.000Z,https://universalis.app/market/5575
2056,Bone Brand,Elia Mi,19989,1,2024-06-16T20:26:12.000Z,https://universalis.app/market/2056
5197,Marbled Eye,Charlotte Bellarosa,500,1,2024-07-09T02:21:16.000Z,https://universalis.app/market/5197
2057,Copper Scepter,Felix Abberderis,5005,1,2024-06-14T01:49:52.000Z,https://universalis.app/market/2057
5062,Copper Ingot,Amalit Owo,500,1,2024-06-16T07:46:40.000Z,https://universalis.app/market/5062
2058,Bronze Scepter,Osiris Neverwinter,1499,1,2024-06-15T00:14:19.000Z,https://universalis.app/market/2058
2059,Brass Cudgel,Catboy Bottoms,4995,1,2024-06-17T15:31:25.000Z,https://universalis.app/market/2059
2061,Decorated Copper Scepter,Noralia Eien,9995,1,2024-06-20T20:29:51.000Z,https://universalis.app/market/2061
5258,Ragstone Whetstone,Asami Kohaku,1000,8,2024-06-30T20:11:56.000Z,https://universalis.app/market/5258
2063,Wind Brand,Focks Bocks,10000,1,2024-07-06T20:16:09.000Z,https://universalis.app/market/2063
2066,Ice Brand,Xauna Gamduhla,6900,1,2024-06-23T16:44:00.000Z,https://universalis.app/market/2066
2069,Silver Scepter,Chorick Hinata,3028,1,2024-07-05T11:05:14.000Z,https://universalis.app/market/2069
5527,Brimstone,Fang Lavitz,400,20,2024-06-15T02:39:50.000Z,https://universalis.app/market/5527
2071,Earth Brand,Vrillis Fythe,25000,1,2024-06-14T01:49:12.000Z,https://universalis.app/market/2071
2078,Fire Brand,Kane Hasegawa,40000,1,2024-06-15T20:08:19.000Z,https://universalis.app/market/2078
2083,Lightning Brand,Highlord Rhys,5000,1,2024-06-17T18:14:43.000Z,https://universalis.app/market/2083
2088,Electrum Scepter,Aytec Kaladin,1100,1,2024-06-22T04:03:34.000Z,https://universalis.app/market/2088
5489,Quicksilver,Wiltwyda Sterrmerlwyn,1000,14,2024-06-23T18:07:31.000Z,https://universalis.app/market/5489
2093,Vintage Cudgel,Kari Zana,25000,1,2024-06-13T15:34:28.000Z,https://universalis.app/market/2093
2068,Damaged Cudgel,Bouncy Baby,30,1,2024-06-15T23:30:53.000Z,https://universalis.app/market/2068
5092,Iron Rivets,Whats Rng,1950,1,2024-07-04T05:00:55.000Z,https://universalis.app/market/5092
2094,Water Brand,Nella Dew,1001,1,2024-06-16T20:32:34.000Z,https://universalis.app/market/2094
2097,Jade Scepter,Dragis Faroth,3000,1,2024-06-16T23:30:37.000Z,https://universalis.app/market/2097
5168,Jade,Ruby Shoes,50000000,1,2024-06-30T18:51:11.000Z,https://universalis.app/market/5168
5439,Ogre Horn,Onryo Gozen,101,1,2024-06-19T20:31:28.000Z,https://universalis.app/market/5439
2102,Sanguine Scepter,Gianni Marasco,74900,1,2024-07-09T03:24:53.000Z,https://universalis.app/market/2102
5206,Pinprick Pebble,Kyouki Mugen,37,1,2024-06-13T04:13:04.000Z,https://universalis.app/market/5206
2106,Bone Staff,Kalcaion Kasenumi,4275,1,2024-06-23T23:40:52.000Z,https://universalis.app/market/2106
2107,Ramhorn Staff,Dagger Stormfall,700,1,2024-06-17T15:46:45.000Z,https://universalis.app/market/2107
2108,Decorated Bone Staff,Dorian Emers,2000,1,2024-06-12T02:34:54.000Z,https://universalis.app/market/2108
5442,Bat Fang,Lotuz Isabella,889,1,2024-06-20T03:51:18.000Z,https://universalis.app/market/5442
2109,Toothed Ramhorn Staff,Catboy Bottoms,5001,1,2024-06-21T22:56:44.000Z,https://universalis.app/market/2109
2111,Staghorn Staff,Waxed Mylf,30000,1,2024-06-18T09:13:19.000Z,https://universalis.app/market/2111
2116,Sanguine Horn Staff,Maeve Alderwood,33999,1,2024-06-19T22:47:22.000Z,https://universalis.app/market/2116
2118,Toothed Staghorn Staff,Zenobia Septimia,500,1,2024-06-15T20:14:33.000Z,https://universalis.app/market/2118
2123,Toothed Goathorn Staff,Osiris Neverwinter,50000,1,2024-06-18T20:23:58.000Z,https://universalis.app/market/2123
2125,Horn Staff,Frost Zion,54975,1,2024-06-25T12:59:40.000Z,https://universalis.app/market/2125
2130,Black Horn Staff,Lurias Bael,30000,1,2024-06-15T20:21:34.000Z,https://universalis.app/market/2130
2133,Ivory Staff,Nerd Ferguson,27999,1,2024-07-09T01:20:43.000Z,https://universalis.app/market/2133
2136,Giantsgall Longstaff,Third Grade,1000,1,2024-06-19T22:36:46.000Z,https://universalis.app/market/2136
7584,Mossy Stone Staff,Patricia Luttrell,21,1,2024-07-05T14:22:59.000Z,https://universalis.app/market/7584
2139,Astrolabe,Elmys Waterrose,999,1,2024-06-19T12:56:15.000Z,https://universalis.app/market/2139
5576,Astrolabe Clinometer,Didrianna Winterset,1721,1,2024-07-01T23:08:31.000Z,https://universalis.app/market/5576
2143,Leather Grimoire,Elia Mi,20000,1,2024-06-16T20:26:26.000Z,https://universalis.app/market/2143
5380,Maple Log,Irene Nyx,400,10,2024-06-12T02:23:15.000Z,https://universalis.app/market/5380
5475,Enchanted Copper Ink,Zelean Ladair,20,3,2024-06-21T18:49:54.000Z,https://universalis.app/market/5475
2144,Maple Picatrix,Cloudy Vibes,10000,1,2024-07-05T21:35:11.000Z,https://universalis.app/market/2144
2145,Engraved Leather Grimoire,Osiris Neverwinter,29999,1,2024-06-15T00:15:24.000Z,https://universalis.app/market/2145
5383,Ash Log,Fah Ninja,261,99,2024-07-03T01:32:22.000Z,https://universalis.app/market/5383
2146,Ash Picatrix,Kioku Chikie,5000,1,2024-07-04T18:58:55.000Z,https://universalis.app/market/2146
2147,Hard Leather Grimoire,Fenrir Harrel,50000,1,2024-06-24T22:45:17.000Z,https://universalis.app/market/2147
5385,Elm Log,Jand Pinkerton,3000,3,2024-06-18T06:09:40.000Z,https://universalis.app/market/5385
5476,Enchanted Iron Ink,Zmega Galvus,1000,1,2024-06-14T22:10:46.000Z,https://universalis.app/market/5476
2149,Engraved Hard Leather Grimoire,G' Koda,25019,1,2024-06-15T18:50:37.000Z,https://universalis.app/market/2149
5386,Yew Log,Dart Ikari,3000,9,2024-06-25T07:55:55.000Z,https://universalis.app/market/5386
2151,Yew Picatrix,Setora Vander,12024,1,2024-06-16T22:05:14.000Z,https://universalis.app/market/2151
2156,Goatskin Grimoire,Ameline Vendhen,20000,1,2024-06-16T13:53:30.000Z,https://universalis.app/market/2156
5477,Enchanted Silver Ink,Zgodler Arcanda,2995,1,2024-06-12T13:49:33.000Z,https://universalis.app/market/5477
2160,Engraved Goatskin Grimoire,Siskiyoh Sama,10019,1,2024-06-20T05:44:16.000Z,https://universalis.app/market/2160
5388,Walnut Log,Saffron Sidereal,511,21,2024-06-17T00:05:28.000Z,https://universalis.app/market/5388
2166,Book of Silver,Siskiyoh Sama,33989,1,2024-06-20T05:45:07.000Z,https://universalis.app/market/2166
5390,Oak Log,Tuya Kha,3001,8,2024-07-05T02:28:58.000Z,https://universalis.app/market/5390
2169,Embossed Book of Silver,Addalyde Whiskers,30000,1,2024-06-12T23:59:24.000Z,https://universalis.app/market/2169
2174,Book of Mythril,Siskiyoh Sama,15001,1,2024-06-20T05:45:45.000Z,https://universalis.app/market/2174
5346,Flax,Fay Ferra,500,99,2024-06-16T21:30:27.000Z,https://universalis.app/market/5346
5478,Enchanted Mythril Ink,Kiku Daisho,980,2,2024-06-19T12:22:49.000Z,https://universalis.app/market/5478
2184,Vintage Picatrix,Link Sweque,30074,1,2024-06-25T17:33:48.000Z,https://universalis.app/market/2184
2158,Brittle Picatrix,Sayana Tumet,2000,1,2024-06-26T03:12:58.000Z,https://universalis.app/market/2158
2185,Book of Electrum,Col Palmeri,7000,1,2024-06-15T03:09:39.000Z,https://universalis.app/market/2185
5337,Woolen Yarn,Asami Kohaku,2500,16,2024-06-26T04:42:58.000Z,https://universalis.app/market/5337
5393,Rosewood Log,Chin Chillen,800,2,2024-07-07T02:47:20.000Z,https://universalis.app/market/5393
5479,Enchanted Electrum Ink,Fractal Fennec,100,1,2024-06-14T18:59:24.000Z,https://universalis.app/market/5479
2189,Embossed Book of Electrum,Yui Soni,10000,1,2024-07-08T04:28:40.000Z,https://universalis.app/market/2189
2193,Cantamina Thavnaria,Clarkii Mahri,3198,1,2024-06-24T03:00:23.000Z,https://universalis.app/market/2193
5481,Enchanted Rose Gold Ink,Neve Brightburn,1800,1,2024-06-15T17:19:52.000Z,https://universalis.app/market/5481
7586,Weathered Tome,Patricia Luttrell,21,1,2024-07-05T14:23:49.000Z,https://universalis.app/market/7586
2194,Medica Thavnaria,Panda Pie,2499,1,2024-06-20T15:57:27.000Z,https://universalis.app/market/2194
2201,Erudite's Picatrix of Healing,Tawia Tauros,73700,1,2024-06-13T18:04:54.000Z,https://universalis.app/market/2201
5480,Enchanted Gold Ink,Zau Vindah,2286,1,2024-06-14T04:56:02.000Z,https://universalis.app/market/5480
5569,Bloody Grimoire Binding,Kyouki Mugen,2000,1,2024-06-12T15:16:23.000Z,https://universalis.app/market/5569
2202,Erudite's Picatrix of Casting,Tawia Tauros,83399,1,2024-06-13T18:06:03.000Z,https://universalis.app/market/2202
2211,Deus Ex Verbis,Ver Night,2165,1,2024-06-25T23:30:07.000Z,https://universalis.app/market/2211
5338,Silk Thread,Nocta Luna,5000,1,2024-06-25T22:09:17.000Z,https://universalis.app/market/5338
2212,Deus Ex Gratia,More Coffee,1999,1,2024-06-15T18:16:23.000Z,https://universalis.app/market/2212
2219,Square Maple Shield,Adelina Iratus-cattus,42042069,1,2024-06-26T06:02:46.000Z,https://universalis.app/market/2219
5091,Bronze Rivets,Asami Kohaku,4111,4,2024-06-30T20:42:01.000Z,https://universalis.app/market/5091
12524,Titanium Nugget,Sasaki Duibhne,6000,3,2024-06-25T08:21:15.000Z,https://universalis.app/market/12524
12529,Titanium Rivets,Map Lock,12000,3,2024-06-23T15:55:47.000Z,https://universalis.app/market/12529
12658,Dusk Leather,Solthael Lightbringer,389999,1,2024-06-12T20:47:21.000Z,https://universalis.app/market/12658
2226,Bronze Hoplon,Ichigo Higanbana,35000,1,2024-06-16T20:28:17.000Z,https://universalis.app/market/2226
5071,Bronze Plate,Pandaz Zz,1001,3,2024-07-06T23:23:58.000Z,https://universalis.app/market/5071
2228,Round Shield,Neffie Games,2499,1,2024-06-19T15:58:59.000Z,https://universalis.app/market/2228
2229,Leather Targe,Seph Triste,400,1,2024-06-20T02:16:11.000Z,https://universalis.app/market/2229
2230,Bronze Scutum,Kaida Brynn,12900000,1,2024-06-24T05:57:36.000Z,https://universalis.app/market/2230
2231,Bronze Buckler,Mana Dejiki,10000,1,2024-06-13T16:23:33.000Z,https://universalis.app/market/2231
2233,Square Ash Shield,Adelina Iratus-cattus,69420420,1,2024-06-26T06:00:47.000Z,https://universalis.app/market/2233
2236,Iron Hoplon,Nuala Teshurr,30000,1,2024-06-23T22:42:20.000Z,https://universalis.app/market/2236
2238,Vintage Square Shield,Osiris Neverwinter,3023,1,2024-06-18T23:18:52.000Z,https://universalis.app/market/2238
2224,Worm-eaten Square Shield,Yuki Ai,21059,1,2024-06-17T19:04:47.000Z,https://universalis.app/market/2224
4859,Cider Vinegar,Bettenhausen Leonhart,1000,3,2024-06-13T02:25:11.000Z,https://universalis.app/market/4859
2239,Ironclad Bronze Buckler,Ivaurault Corentiaux,9995,1,2024-06-15T09:54:47.000Z,https://universalis.app/market/2239
2241,Iron Lantern Shield,Darian Millen,3000,1,2024-06-18T13:51:57.000Z,https://universalis.app/market/2241
5998,Tallow Candle,Souji- Okita,9500,1,2024-07-07T05:23:25.000Z,https://universalis.app/market/5998
2242,Iron Scutum,Zenobia Septimia,1006,1,2024-06-18T02:52:06.000Z,https://universalis.app/market/2242
2244,Vintage Hoplon,Fenrir Harrel,35000,1,2024-06-17T17:04:45.000Z,https://universalis.app/market/2244
2246,Viper-crested Round Shield,Ciela Atkascha,1011,1,2024-06-21T20:41:01.000Z,https://universalis.app/market/2246
2248,Iron Kite Shield,Zodem Undomiel,37000,1,2024-07-06T19:08:05.000Z,https://universalis.app/market/2248
2250,Goatskin Targe,Vrillis Fythe,19999,1,2024-06-14T01:49:30.000Z,https://universalis.app/market/2250
5093,Steel Rivets,Terrace De'tusk,5000,5,2024-06-13T03:43:16.000Z,https://universalis.app/market/5093
2257,Bull Hoplon,Shiara Zephyr,10000000,1,2024-06-15T21:35:36.000Z,https://universalis.app/market/2257
2260,Decorated Buckler,Rhalia Steele,12000,1,2024-06-20T19:15:12.000Z,https://universalis.app/market/2260
2262,Decorated Iron Scutum,Ugly Hag,7999,1,2024-06-16T16:36:07.000Z,https://universalis.app/market/2262
2268,Bladed Lantern Shield,Dagasi Dadaan,19999,1,2024-06-13T21:08:36.000Z,https://universalis.app/market/2268
2270,Raptorskin Targe,Rhae'gar Emberwalker,70000,1,2024-07-08T03:38:55.000Z,https://universalis.app/market/2270
5099,Mythril Rivets,Death Metal,2999,1,2024-07-05T05:03:39.000Z,https://universalis.app/market/5099
2232,Rusting Scutum,Angelo Strong,18000,1,2024-06-16T02:16:51.000Z,https://universalis.app/market/2232
2279,Cobalt Scutum,Lurias Bael,8029,1,2024-06-15T20:21:22.000Z,https://universalis.app/market/2279
5094,Cobalt Rivets,Joe G',3000,20,2024-06-25T17:09:54.000Z,https://universalis.app/market/5094
2287,Eagle-crested Round Shield,Ginger Uwu,15000,1,2024-06-18T23:47:21.000Z,https://universalis.app/market/2287
2289,Vintage Round Shield,Judge Victoreon,10000,1,2024-06-19T01:44:09.000Z,https://universalis.app/market/2289
2237,Rotting Round Shield,Khoai Tay,400,1,2024-06-21T07:13:20.000Z,https://universalis.app/market/2237
5228,Ragstone,Sano Radiant,4111,8,2024-06-23T01:59:03.000Z,https://universalis.app/market/5228
5517,Lanolin,Ryosen Tenshi,445,1,2024-06-12T17:33:41.000Z,https://universalis.app/market/5517
2294,Kite Shield,Fillia Beris,9999,1,2024-06-21T16:57:53.000Z,https://universalis.app/market/2294
2298,Oxblood Targe,Oskii Smolcat,40000,1,2024-06-25T22:07:03.000Z,https://universalis.app/market/2298
2259,Scarred Kite Shield,Ek Lethe,661,1,2024-06-14T06:31:01.000Z,https://universalis.app/market/2259
2302,Darksteel Scutum,Malik Thorne,2499,1,2024-06-23T08:06:59.000Z,https://universalis.app/market/2302
5060,Darksteel Ingot,Mizutori Namida,9500,63,2024-06-24T23:41:01.000Z,https://universalis.app/market/5060
5095,Darksteel Rivets,Mholi Purpura,5000,50,2024-06-15T19:49:31.000Z,https://universalis.app/market/5095
2303,Darksteel Buckler,Kearan Shadowsong,3055,1,2024-06-13T00:31:44.000Z,https://universalis.app/market/2303
2304,Spruce Round Shield,Noix Foresta,26999,1,2024-07-08T23:12:24.000Z,https://universalis.app/market/2304
5379,Treated Spruce Lumber,Reishen Minyuki,30000,2,2024-06-20T05:48:05.000Z,https://universalis.app/market/5379
2315,Bronze Saw,Kimaia Evenwind,2000,1,2024-06-22T17:41:56.000Z,https://universalis.app/market/2315
2316,Amateur's Saw,Nom Hataru,6000,1,2024-06-14T13:29:13.000Z,https://universalis.app/market/2316
2318,Initiate's Saw,Sasaki Duibhne,10000,1,2024-06-12T08:39:02.000Z,https://universalis.app/market/2318
2319,Bas-relief Iron Saw,Aisuru Tenshi,1989,1,2024-06-17T03:05:43.000Z,https://universalis.app/market/2319
2320,Iron Chocobotail Saw,O'fae Ursine,9999,1,2024-06-17T06:31:05.000Z,https://universalis.app/market/2320
2321,Bas-relief Steel Saw,Lemyon Aran,14999,1,2024-06-18T06:49:34.000Z,https://universalis.app/market/2321
2322,Crosscut Saw,Viskaya Toni,2039,1,2024-06-26T02:24:40.000Z,https://universalis.app/market/2322
2323,Mythril Saw,Col Palmeri,19999,1,2024-06-15T15:02:30.000Z,https://universalis.app/market/2323
2324,Mythril Chocobotail Saw,Midnight Dream,11999,1,2024-07-03T19:40:56.000Z,https://universalis.app/market/2324
2325,Bas-relief Cobalt Saw,Aurora Stormrider,12500,1,2024-06-16T15:21:48.000Z,https://universalis.app/market/2325
2328,Amateur's Claw Hammer,Panterra Rygar,1000,1,2024-06-20T00:33:27.000Z,https://universalis.app/market/2328
2329,Bronze Claw Hammer,Valhalla Xernas,10000,1,2024-06-30T14:49:30.000Z,https://universalis.app/market/2329
2331,Iron Claw Hammer,Valeria Richards,5000,1,2024-06-13T23:23:56.000Z,https://universalis.app/market/2331
5483,Jellyfish Humours,Shara Stormborne,2000,8,2024-06-14T07:23:13.000Z,https://universalis.app/market/5483
2332,Initiate's Claw Hammer,Cedric Razael,262,1,2024-07-07T02:27:15.000Z,https://universalis.app/market/2332
2334,Steel Claw Hammer,Scarlett Aemilia,49989,1,2024-06-21T05:55:13.000Z,https://universalis.app/market/2334
2335,Wrapped Steel Claw Hammer,Dane Dawnstar,36565,1,2024-06-13T03:35:03.000Z,https://universalis.app/market/2335
5485,Linseed Oil,Yenna Naeuri,5000,4,2024-07-07T03:20:38.000Z,https://universalis.app/market/5485
2337,Mythril Claw Hammer,Waxed Mylf,19201,1,2024-06-22T04:08:35.000Z,https://universalis.app/market/2337
2338,Cobalt Claw Hammer,Helloda Shiryu,14000,1,2024-06-20T22:59:09.000Z,https://universalis.app/market/2338
2339,Militia Claw Hammer,Lady Rebecca,55000,1,2024-06-17T21:25:07.000Z,https://universalis.app/market/2339
2341,Bronze Cross-pein Hammer,Afrit Telamon,9995,1,2024-06-12T17:07:51.000Z,https://universalis.app/market/2341
2342,Amateur's Cross-pein Hammer,Youpull Itank,995,1,2024-06-17T18:53:59.000Z,https://universalis.app/market/2342
2343,Birdsbeak Hammer,Willowfire Blackheart,4911,1,2024-06-23T20:36:07.000Z,https://universalis.app/market/2343
5325,Undyed Cotton Cloth,Salted Pork,5000,2,2024-07-04T03:04:09.000Z,https://universalis.app/market/5325
2344,Iron Cross-pein Hammer,Meteor Lightbringer,19995,1,2024-06-21T22:06:59.000Z,https://universalis.app/market/2344
2345,Initiate's Cross-pein Hammer,Kanin Mahyz,8000,1,2024-06-15T00:27:48.000Z,https://universalis.app/market/2345
2346,Crowsbeak Hammer,Lylac Winter,24999,1,2024-06-24T12:06:54.000Z,https://universalis.app/market/2346
2347,Heavy Crowsbeak Hammer,Corban Dallas,800,1,2024-06-13T16:10:33.000Z,https://universalis.app/market/2347
2348,Steel Cross-pein Hammer,Verinai Trevelyan,5000,1,2024-06-14T15:29:12.000Z,https://universalis.app/market/2348
5326,Undyed Velveteen,Nom Hataru,100002,1,2024-07-08T00:42:30.000Z,https://universalis.app/market/5326
2349,Steel Crowsbeak Hammer,Ryo Akira,23999,1,2024-07-08T03:20:10.000Z,https://universalis.app/market/2349
2350,Wrapped Crowsbeak Hammer,Salted Pork,66666,1,2024-07-05T05:48:49.000Z,https://universalis.app/market/2350
2351,Cobalt Cross-pein Hammer,Vir Jhin,14000,1,2024-07-05T17:17:48.000Z,https://universalis.app/market/2351
2352,Wrapped Hawksbeak Hammer,Hiraza Yakura,20000,1,2024-06-23T13:04:53.000Z,https://universalis.app/market/2352
2355,Amateur's File,Scarlet Everfire,995,1,2024-06-22T02:44:41.000Z,https://universalis.app/market/2355
2356,Bronze File,Yoshii Piere,10000,1,2024-06-28T14:14:14.000Z,https://universalis.app/market/2356
2358,Iron File,Scrub Queen,8000,1,2024-07-04T02:15:04.000Z,https://universalis.app/market/2358
2359,Initiate's File,Lylac Winter,15555,1,2024-06-26T01:12:15.000Z,https://universalis.app/market/2359
2361,Steel File,Kina Tsu,1700,1,2024-07-04T22:53:59.000Z,https://universalis.app/market/2361
2363,Mythril File,Jragonis Arcanon,15000,1,2024-06-16T04:04:48.000Z,https://universalis.app/market/2363
2364,Cobalt File,Fishtara Moonsong,40107,1,2024-06-14T12:37:35.000Z,https://universalis.app/market/2364
2365,Militia File,Whats Rng,13129,1,2024-07-05T09:31:11.000Z,https://universalis.app/market/2365
2367,Bronze Doming Hammer,Sol Deluna,5000,1,2024-06-16T13:11:37.000Z,https://universalis.app/market/2367
2368,Amateur's Doming Hammer,Leesy Xiao,199,1,2024-07-07T14:04:19.000Z,https://universalis.app/market/2368
2369,Bronze Raising Hammer,La'chona Povert-e,10011,1,2024-07-07T09:58:34.000Z,https://universalis.app/market/2369
2370,Iron Doming Hammer,Melrit Brave,2816,1,2024-06-21T01:08:25.000Z,https://universalis.app/market/2370
2371,Initiate's Doming Hammer,Dargia Moonstrike,8001,1,2024-06-19T08:22:33.000Z,https://universalis.app/market/2371
2372,Iron Raising Hammer,Plasmic Wolf,10001,1,2024-07-01T00:13:21.000Z,https://universalis.app/market/2372
2373,Wrapped Iron Raising Hammer,G'zulh Nunh,99,1,2024-07-04T22:46:33.000Z,https://universalis.app/market/2373
2374,Steel Doming Hammer,Morgan Grayswandir,2991,1,2024-06-13T02:47:12.000Z,https://universalis.app/market/2374
2375,Steel Raising Hammer,Puppy Princess,14950,1,2024-07-08T01:28:58.000Z,https://universalis.app/market/2375
2376,Cobalt Doming Hammer,Shodox Vora,14499,1,2024-07-06T22:32:24.000Z,https://universalis.app/market/2376
2377,Cobalt Raising Hammer,Umeyasha Mellissan,100000,1,2024-07-04T17:58:07.000Z,https://universalis.app/market/2377
2380,Amateur's Pliers,Panterra Rygar,1800,1,2024-06-17T01:51:45.000Z,https://universalis.app/market/2380
2381,Bronze Pliers,Subby Puppy,2490,1,2024-06-17T16:58:27.000Z,https://universalis.app/market/2381
2383,Iron Pliers,Kalivel Greave,10021,1,2024-06-15T14:58:14.000Z,https://universalis.app/market/2383
2384,Initiate's Pliers,Melrit Brave,4999,1,2024-06-21T01:08:14.000Z,https://universalis.app/market/2384
2386,Steel Pliers,Umeyasha Mellissan,30059,1,2024-06-25T03:27:51.000Z,https://universalis.app/market/2386
2388,Mythril Pliers,Loopi Froots,46994,1,2024-06-16T19:45:25.000Z,https://universalis.app/market/2388
2389,Cobalt Pliers,Voronwe Nairel,50000,1,2024-06-18T20:26:23.000Z,https://universalis.app/market/2389
2390,Militia Pliers,Jake Skye,25130,1,2024-06-15T20:16:22.000Z,https://universalis.app/market/2390
2392,Bronze Chaser Hammer,Jackie Rin,3333,1,2024-06-14T18:51:36.000Z,https://universalis.app/market/2392
2393,Amateur's Chaser Hammer,Just Dizzt,4995,1,2024-06-22T04:31:11.000Z,https://universalis.app/market/2393
2394,Bronze Ornamental Hammer,Kail-ita Geneq,500,1,2024-06-30T14:56:10.000Z,https://universalis.app/market/2394
2395,Iron Chaser Hammer,Yoshii Piere,720,1,2024-07-07T14:51:41.000Z,https://universalis.app/market/2395
2396,Initiate's Chaser Hammer,Mout Hhugs,10000,1,2024-06-19T23:53:53.000Z,https://universalis.app/market/2396
2397,Iron Ornamental Hammer,Noralia Eien,40000,1,2024-06-13T21:21:11.000Z,https://universalis.app/market/2397
2398,Steel Chaser Hammer,Consome Panchi,3500,1,2024-06-29T10:10:17.000Z,https://universalis.app/market/2398
2399,Steel Ornamental Hammer,Valeria Richards,7062,1,2024-06-17T15:27:41.000Z,https://universalis.app/market/2399
2400,Mythril Ornamental Hammer,Tsukiko Imeno-no-awai,43991,1,2024-07-02T04:13:41.000Z,https://universalis.app/market/2400
2401,Mythril Lapidary Hammer,Waxed Mylf,34997,1,2024-06-18T06:42:38.000Z,https://universalis.app/market/2401
2402,Electrum Lapidary Hammer,Kurenai Hagane,20000,1,2024-06-18T01:35:55.000Z,https://universalis.app/market/2402
5183,Tourmaline,Oblevee Kaisuri,110,1,2024-06-12T01:35:09.000Z,https://universalis.app/market/5183
2405,Amateur's Grinding Wheel,Ty' Lee,163,1,2024-07-06T04:44:26.000Z,https://universalis.app/market/2405
2406,Ragstone Grinding Wheel,Iiconic Streams,4989,1,2024-06-23T23:56:36.000Z,https://universalis.app/market/2406
2408,Mudstone Grinding Wheel,Fah Ninja,50000,1,2024-07-04T01:15:04.000Z,https://universalis.app/market/2408
5229,Mudstone,Valaddor Petyasch,9000000,1,2024-06-23T06:34:07.000Z,https://universalis.app/market/5229
2409,Initiate's Grinding Wheel,O'fae Ursine,10031,1,2024-06-17T00:07:43.000Z,https://universalis.app/market/2409
2411,Siltstone Grinding Wheel,Jelleck Hudson,15000,1,2024-06-16T01:05:20.000Z,https://universalis.app/market/2411
5231,Siltstone,Thelanicus Revarion,5000,99,2024-06-23T00:57:32.000Z,https://universalis.app/market/5231
2413,Garnet Grinding Wheel,Asfar Ii,15000,1,2024-06-16T13:58:59.000Z,https://universalis.app/market/2413
5134,Raw Garnet,Dorian Emers,1000,7,2024-06-21T14:07:25.000Z,https://universalis.app/market/5134
2414,Basilisk Grinding Wheel,Mai Waifu,57000,1,2024-06-26T05:08:36.000Z,https://universalis.app/market/2414
5263,Basilisk Egg,Lunas Ichigo,600,15,2024-06-15T12:23:08.000Z,https://universalis.app/market/5263
2415,Militia Grinding Wheel,Whats Rng,35000,1,2024-07-05T09:36:33.000Z,https://universalis.app/market/2415
5158,Astral Rock,Conny Zelria,2200,2,2024-06-18T16:41:07.000Z,https://universalis.app/market/5158
2417,Bronze Head Knife,Iiconic Streams,15000,1,2024-06-22T04:02:52.000Z,https://universalis.app/market/2417
2418,Amateur's Head Knife,Fire Ashes,4000,1,2024-06-14T00:51:26.000Z,https://universalis.app/market/2418
2419,Brass Head Knife,Felix Abberderis,4500,1,2024-06-16T20:06:59.000Z,https://universalis.app/market/2419
2420,Initiate's Head Knife,Sasha Liel,11018,1,2024-06-18T19:39:19.000Z,https://universalis.app/market/2420
2421,Iron Round Knife,Amelia Day,9989,1,2024-06-19T07:31:05.000Z,https://universalis.app/market/2421
2422,Iron Head Knife,Gatsu Gremory,2999,1,2024-06-19T02:53:04.000Z,https://universalis.app/market/2422
2423,Silver Head Knife,Mystic Mcnugget,1500,1,2024-06-23T02:39:19.000Z,https://universalis.app/market/2423
2424,Steel Round Knife,Col Palmeri,17999,1,2024-06-15T14:55:03.000Z,https://universalis.app/market/2424
2425,Mythril Head Knife,Luna Naxyr,48000,1,2024-07-06T23:21:40.000Z,https://universalis.app/market/2425
2426,Mythril Round Knife,Nom Hataru,18792,1,2024-06-20T12:56:47.000Z,https://universalis.app/market/2426
2427,Electrum Head Knife,Kagome Leonheart,70000,1,2024-07-08T14:05:48.000Z,https://universalis.app/market/2427
2430,Amateur's Awl,Emi Anatol,900,1,2024-06-21T18:50:14.000Z,https://universalis.app/market/2430
2431,Bronze Awl,Nom Hataru,5000,1,2024-06-20T12:25:09.000Z,https://universalis.app/market/2431
2433,Iron Awl,Eley White,3989,1,2024-06-16T03:29:26.000Z,https://universalis.app/market/2433
2434,Initiate's Awl,Amelia Day,6026,1,2024-06-19T07:31:08.000Z,https://universalis.app/market/2434
2436,Steel Awl,Royal Blood,19999,1,2024-06-19T00:38:42.000Z,https://universalis.app/market/2436
2437,Wrapped Steel Awl,Arthurioux Alamenain,50065,1,2024-06-13T01:14:20.000Z,https://universalis.app/market/2437
2439,Mythril Awl,Nom Hataru,39000,1,2024-06-20T12:56:50.000Z,https://universalis.app/market/2439
2440,Cobalt Awl,Lucinne Sarmantoix,16998,1,2024-06-25T22:09:14.000Z,https://universalis.app/market/2440
2441,Militia Awl,Saelyssa Nioreh,44000,1,2024-07-08T17:11:21.000Z,https://universalis.app/market/2441
2443,Copper Needle,Felix Abberderis,1695,1,2024-06-13T02:53:39.000Z,https://universalis.app/market/2443
2444,Bat Fang Needle,Midnight Dream,8999,1,2024-07-02T06:35:19.000Z,https://universalis.app/market/2444
2445,Amateur's Needle,Melrit Brave,1195,1,2024-06-16T23:01:45.000Z,https://universalis.app/market/2445
2446,Brass Needle,Ruby Silksong,10019,1,2024-06-17T03:29:19.000Z,https://universalis.app/market/2446
2447,Initiate's Needle,Umeyasha Mellissan,24999,1,2024-06-20T20:05:28.000Z,https://universalis.app/market/2447
2448,Silver Needle,Nom Hataru,3500,1,2024-07-05T13:08:06.000Z,https://universalis.app/market/2448
2449,Worm Fang Needle,Umeyasha Mellissan,12057,1,2024-06-25T03:27:24.000Z,https://universalis.app/market/2449
5447,Sandworm Fang,Thelanicus Revarion,500,99,2024-06-23T01:38:21.000Z,https://universalis.app/market/5447
2450,Mythril Needle,Spiffaye Spaff,7500,1,2024-07-07T00:34:58.000Z,https://universalis.app/market/2450
2451,Wolf Fang Needle,Sir Nate,14900,1,2024-06-14T23:33:50.000Z,https://universalis.app/market/2451
2452,Thousand Needle,Nom Hataru,49999,1,2024-07-05T13:34:34.000Z,https://universalis.app/market/2452
5468,Cactuar Needle,Eliyas Krone,5000,1,2024-06-17T01:39:45.000Z,https://universalis.app/market/5468
2453,Electrum Needle,Voronwe Nairel,25000,1,2024-06-19T01:01:36.000Z,https://universalis.app/market/2453
2456,Amateur's Spinning Wheel,Felix Abberderis,3111,1,2024-06-14T01:48:46.000Z,https://universalis.app/market/2456
2457,Ash Spinning Wheel,Osiris Neverwinter,999,1,2024-06-29T12:44:11.000Z,https://universalis.app/market/2457
2459,Initiate's Spinning Wheel,Alcesh Delnapes,5000,1,2024-06-24T20:06:42.000Z,https://universalis.app/market/2459
2460,Elm Spinning Wheel,Cheesed Burger,19999,1,2024-07-07T20:23:51.000Z,https://universalis.app/market/2460
2462,Walnut Spinning Wheel,Akunis Firemage,29989,1,2024-06-19T23:03:37.000Z,https://universalis.app/market/2462
2464,Mahogany Spinning Wheel,Shadow Kuro,64000,1,2024-07-02T14:59:21.000Z,https://universalis.app/market/2464
2465,Rosewood Spinning Wheel,Rose Gwynevere,75000,1,2024-07-01T05:17:44.000Z,https://universalis.app/market/2465
2466,Militia Spinning Wheel,Jordan Sugondese,25000,1,2024-07-05T17:25:17.000Z,https://universalis.app/market/2466
2468,Bronze Alembic,Catboy Bottoms,99999,1,2024-06-12T06:15:10.000Z,https://universalis.app/market/2468
2469,Amateur's Alembic,Ryker Biscuitway,1000,1,2024-06-12T03:26:53.000Z,https://universalis.app/market/2469
2470,Brass Alembic,Felix Abberderis,991,1,2024-06-16T20:07:08.000Z,https://universalis.app/market/2470
2471,Initiate's Alembic,Midnight Dream,3991,1,2024-07-08T06:04:53.000Z,https://universalis.app/market/2471
2472,Iron Alembic,O'fae Ursine,8000,1,2024-06-17T06:29:13.000Z,https://universalis.app/market/2472
2473,Conical Alembic,Ciela Atkascha,5000,1,2024-06-21T00:50:06.000Z,https://universalis.app/market/2473
2474,Steel Alembic,Yinyinji Yinji,7000,1,2024-06-13T21:40:27.000Z,https://universalis.app/market/2474
2475,Silver Alembic,Nagi Raha,10000,1,2024-06-14T18:17:54.000Z,https://universalis.app/market/2475
2476,Mythril Alembic,Towering Sapphire,33500,1,2024-06-17T20:27:20.000Z,https://universalis.app/market/2476
2477,Electrum Alembic,Col Palmeri,40000,1,2024-06-15T15:01:42.000Z,https://universalis.app/market/2477
2481,Amateur's Mortar,Emi Anatol,2000,1,2024-06-20T00:43:27.000Z,https://universalis.app/market/2481
2482,Bronze Mortar,Iiconic Streams,3200,1,2024-06-22T04:00:15.000Z,https://universalis.app/market/2482
2484,Iron Mortar,Umeyasha Mellissan,5989,1,2024-06-18T20:42:57.000Z,https://universalis.app/market/2484
2485,Initiate's Mortar,Dr Palpaveradagez,3029,1,2024-06-18T10:49:46.000Z,https://universalis.app/market/2485
2487,Steel Mortar,Ginger Uwu,15000,1,2024-06-17T01:59:51.000Z,https://universalis.app/market/2487
2488,Heavy Steel Mortar,Odin Isaacs,5000,1,2024-07-04T16:41:07.000Z,https://universalis.app/market/2488
2490,Mythril Mortar,Mystique Daesho,30092,1,2024-06-18T22:35:08.000Z,https://universalis.app/market/2490
2492,Militia Mortar,Eve Rorru,40000,1,2024-06-18T03:16:08.000Z,https://universalis.app/market/2492
2494,Bronze Skillet,Iiconic Streams,9005,1,2024-06-20T00:19:46.000Z,https://universalis.app/market/2494
2495,Amateur's Skillet,Viskaya Toni,12000,1,2024-06-25T00:48:01.000Z,https://universalis.app/market/2495
2496,Iron Skillet,Yami Sideris,20000,1,2024-06-30T07:52:01.000Z,https://universalis.app/market/2496
2497,Initiate's Skillet,Azazel Blaze,30000,1,2024-06-30T18:53:40.000Z,https://universalis.app/market/2497
2498,Iron Frypan,Orethir Bizerveron,20026,1,2024-06-17T14:26:34.000Z,https://universalis.app/market/2498
2499,Bomb Frypan,Melrit Brave,9990,1,2024-06-18T04:09:03.000Z,https://universalis.app/market/2499
5528,Bomb Ash,Agrias Oak,1001,6,2024-06-21T01:42:04.000Z,https://universalis.app/market/5528
2500,Steel Skillet,Valeria Richards,3999,1,2024-06-16T03:02:19.000Z,https://universalis.app/market/2500
2501,White Skillet,Mana Dejiki,7500,1,2024-06-21T19:01:18.000Z,https://universalis.app/market/2501
2502,Steel Frypan,Nuala Teshurr,60000,1,2024-06-23T22:48:13.000Z,https://universalis.app/market/2502
2503,Cobalt Skillet,Midnight Dream,20001,1,2024-07-02T09:34:31.000Z,https://universalis.app/market/2503
2504,Hells' Kitchen,Vitroxia Kind,50000,1,2024-07-05T03:04:25.000Z,https://universalis.app/market/2504
2507,Amateur's Culinary Knife,Lucky Fortuna,9999,1,2024-07-05T22:24:16.000Z,https://universalis.app/market/2507
2508,Bronze Culinary Knife,Boots Mccoy,9998,1,2024-07-06T14:50:03.000Z,https://universalis.app/market/2508
2510,Iron Culinary Knife,Rhoe Moya,10019,1,2024-06-15T18:08:13.000Z,https://universalis.app/market/2510
2511,Initiate's Culinary Knife,Hedwyn Reeve,1420,1,2024-07-06T07:41:01.000Z,https://universalis.app/market/2511
2513,Steel Culinary Knife,Dante Dragon'sbane,35999,1,2024-06-13T23:42:21.000Z,https://universalis.app/market/2513
2514,Wrapped Steel Culinary Knife,Jragonis Arcanon,10065,1,2024-06-23T04:31:29.000Z,https://universalis.app/market/2514
2516,Mythril Culinary Knife,Helloda Shiryu,39996,1,2024-06-20T02:05:10.000Z,https://universalis.app/market/2516
2517,Cobalt Culinary Knife,Malvaria Hart,45107,1,2024-06-15T09:16:55.000Z,https://universalis.app/market/2517
2518,Militia Culinary Knife,Midnight Dream,44999,1,2024-07-02T09:34:23.000Z,https://universalis.app/market/2518
2520,Bronze Pickaxe,Rin Omocha,2500,1,2024-07-09T07:28:28.000Z,https://universalis.app/market/2520
2521,Amateur's Pickaxe,Rosa Inthepark,4195,1,2024-06-15T22:15:32.000Z,https://universalis.app/market/2521
2522,Plumed Bronze Pickaxe,Kshatra Vairya,9995,1,2024-06-14T02:04:18.000Z,https://universalis.app/market/2522
2523,Iron Pickaxe,Neffie Games,7000,1,2024-06-23T22:21:59.000Z,https://universalis.app/market/2523
2524,Initiate's Pickaxe,Peachy Cakes,10024,1,2024-07-01T22:25:20.000Z,https://universalis.app/market/2524
2525,Iron Dolabra,Draco Blackfyre,14999,1,2024-06-18T02:30:51.000Z,https://universalis.app/market/2525
2526,Steel Pickaxe,Noralia Eien,19989,1,2024-06-19T23:21:36.000Z,https://universalis.app/market/2526
2527,Steel Dolabra,Zee Roe,14998,1,2024-06-23T20:32:32.000Z,https://universalis.app/market/2527
2528,Plumed Mythril Pickaxe,Col Palmeri,24999,1,2024-06-15T03:08:19.000Z,https://universalis.app/market/2528
5327,Undyed Linen,Kei Dja-rhoji,2800,30,2024-06-14T22:23:41.000Z,https://universalis.app/market/5327
2529,Cobalt Dolabra,Col Palmeri,40000,1,2024-06-15T14:58:40.000Z,https://universalis.app/market/2529
2530,Egret Dolabra,Tiamat Dragonhart,60000,1,2024-06-15T06:27:13.000Z,https://universalis.app/market/2530
2534,Bronze Sledgehammer,Mikile Sheperd,25000,1,2024-06-23T15:34:54.000Z,https://universalis.app/market/2534
2536,Initiate's Sledgehammer,Lycelle Auberlaint-,20018,1,2024-07-02T23:08:19.000Z,https://universalis.app/market/2536
2537,Iron Sledgehammer,Mikile Sheperd,30000,1,2024-06-29T14:43:16.000Z,https://universalis.app/market/2537
2539,Steel Sledgehammer,Sephiroths Bussy,20000,1,2024-06-20T20:29:49.000Z,https://universalis.app/market/2539
2540,Wrapped Steel Sledgehammer,Omega Everfrost,39000,1,2024-06-17T00:03:04.000Z,https://universalis.app/market/2540
2542,Mythril Sledgehammer,Col Palmeri,34999,1,2024-06-15T14:58:48.000Z,https://universalis.app/market/2542
2543,Cobalt Sledgehammer,Kitteh Darwin,45107,1,2024-06-16T17:36:48.000Z,https://universalis.app/market/2543
2544,Militia Sledgehammer,Kakade Nonode,10000,1,2024-06-13T04:47:32.000Z,https://universalis.app/market/2544
2546,Bronze Hatchet,Kiera Darkborn,25000,1,2024-06-18T01:14:44.000Z,https://universalis.app/market/2546
2547,Amateur's Hatchet,Saiyuki Richie,2800,1,2024-06-25T22:26:51.000Z,https://universalis.app/market/2547
2548,Iron Hatchet,The Summoning,9995,1,2024-06-15T20:58:01.000Z,https://universalis.app/market/2548
2549,Initiate's Hatchet,Catboy Bottoms,14991,1,2024-06-21T22:56:21.000Z,https://universalis.app/market/2549
2550,Brass Hatchet,Godric Grey,8000,1,2024-06-22T01:47:09.000Z,https://universalis.app/market/2550
2551,Plumed Iron Hatchet,Sorrel Weiss,60000,1,2024-07-04T12:26:20.000Z,https://universalis.app/market/2551
5359,Chocobo Feather,Helix Mind,1749,20,2024-06-20T23:23:54.000Z,https://universalis.app/market/5359
2552,Steel Hatchet,Blunt Master,3053,1,2024-06-24T01:57:23.000Z,https://universalis.app/market/2552
2553,Plumed Steel Hatchet,Sam Greenleaf,4000,1,2024-06-29T18:08:29.000Z,https://universalis.app/market/2553
2554,Mythril Hatchet,Nathaniel Branford,40067,1,2024-06-14T21:09:05.000Z,https://universalis.app/market/2554
2555,Cobalt Hatchet,Remy Aycab,39985,1,2024-07-02T21:03:48.000Z,https://universalis.app/market/2555
2556,Horned Hatchet,Averya Artelle,20001,1,2024-06-21T09:08:17.000Z,https://universalis.app/market/2556
2560,Bronze Scythe,Blissful Eon,11995,1,2024-06-22T17:55:28.000Z,https://universalis.app/market/2560
2562,Iron Scythe,Jaevira Rain'fyr,25019,1,2024-06-22T07:01:35.000Z,https://universalis.app/market/2562
2563,Initiate's Scythe,Looch Six,3000,1,2024-06-14T20:23:16.000Z,https://universalis.app/market/2563
2565,Steel Scythe,Willowgrace Riversong,41000,1,2024-07-06T20:53:52.000Z,https://universalis.app/market/2565
2566,Wrapped Steel Scythe,Darkhosis Vii,45000,1,2024-07-08T14:32:06.000Z,https://universalis.app/market/2566
2568,Mythril Scythe,Lemyon Aran,22990,1,2024-06-21T06:23:10.000Z,https://universalis.app/market/2568
2569,Cobalt Scythe,Velliona Leijonamieli,50000,1,2024-06-12T21:31:10.000Z,https://universalis.app/market/2569
2570,Militia Scythe,Sally Sweetcakes,49999,1,2024-07-01T22:38:02.000Z,https://universalis.app/market/2570
2572,Maple Fishing Rod,A'marya Stark,20006,1,2024-07-05T13:02:04.000Z,https://universalis.app/market/2572
2573,Amateur's Fishing Rod,Yoshii Piere,298,1,2024-07-09T15:13:10.000Z,https://universalis.app/market/2573
2574,Elm Fishing Rod,Helba Ahieress,20000,1,2024-06-18T02:07:43.000Z,https://universalis.app/market/2574
2575,Initiate's Fishing Rod,Sir Pizz,5000,1,2024-07-02T21:18:39.000Z,https://universalis.app/market/2575
2576,Yew Fishing Rod,Lylac Winter,20000,1,2024-06-29T05:27:17.000Z,https://universalis.app/market/2576
2577,Staghorn Fishing Rod,Midnight Dream,10000,1,2024-06-20T03:50:28.000Z,https://universalis.app/market/2577
2578,Walnut Fishing Rod,Polo Evo,10000,1,2024-06-17T13:55:37.000Z,https://universalis.app/market/2578
2579,Horn Fishing Rod,Calcifur Hayden,9000,1,2024-06-24T22:22:30.000Z,https://universalis.app/market/2579
2580,Mahogany Fishing Rod,Aisha Lovell,53873,1,2024-07-06T23:59:27.000Z,https://universalis.app/market/2580
2581,Rosewood Fishing Rod,Katrinia Lockheart,17200,1,2024-07-02T15:38:57.000Z,https://universalis.app/market/2581
2582,Gilded Rosewood Fishing Rod,Yonon Geoffrys,50000,1,2024-07-07T00:26:54.000Z,https://universalis.app/market/2582
2588,Crayfish Ball,Frost Zion,289,95,2024-06-25T16:48:24.000Z,https://universalis.app/market/2588
4825,Rye Flour,Boost Leak,100,99,2024-06-16T07:23:19.000Z,https://universalis.app/market/4825
4925,Crayfish,Ophelie Celeste,400,99,2024-07-07T02:41:30.000Z,https://universalis.app/market/4925
2589,Goby Ball,Gianni Marasco,400,8,2024-07-06T17:34:39.000Z,https://universalis.app/market/2589
4931,Dusk Goby,Dragon Leader,100,3,2024-06-19T14:34:25.000Z,https://universalis.app/market/4931
2593,Crab Ball,Fenlin Marr,50,20,2024-06-21T18:31:52.000Z,https://universalis.app/market/2593
4880,Helmet Crab,Antares Telamon,4000,1,2024-06-14T15:16:03.000Z,https://universalis.app/market/4880
2595,Bass Ball,Rumidios Varo,701,11,2024-07-06T01:54:49.000Z,https://universalis.app/market/2595
4826,Sunset Wheat Flour,Isabella Arianesse,2121,25,2024-06-14T22:49:03.000Z,https://universalis.app/market/4826
4959,Dark Bass,Hershey Violet,1449,1,2024-06-13T09:10:31.000Z,https://universalis.app/market/4959
2598,Herring Ball,Frost Zion,35,99,2024-06-28T19:12:26.000Z,https://universalis.app/market/2598
4895,Indigo Herring,Jelly Salad,2001,3,2024-06-16T02:32:56.000Z,https://universalis.app/market/4895
2610,Chocobo Fly,Fenlin Marr,174,3,2024-06-24T07:22:10.000Z,https://universalis.app/market/2610
2611,Floating Minnow,Hilda Fire-emblem,760,3,2024-06-24T07:40:50.000Z,https://universalis.app/market/2611
2612,Brass Spoon Lure,Frost Zion,600,18,2024-06-28T12:54:33.000Z,https://universalis.app/market/2612
2614,Crow Fly,Syn Kyoufu,700,99,2024-06-23T17:43:14.000Z,https://universalis.app/market/2614
2615,Silver Spoon Lure,Syn Kyoufu,23,6,2024-06-23T17:45:04.000Z,https://universalis.app/market/2615
2616,Steel Jig,Syn Kyoufu,10,9,2024-06-23T17:45:20.000Z,https://universalis.app/market/2616
2617,Sinking Minnow,Michiru Rintaro,2995,5,2024-06-13T16:39:03.000Z,https://universalis.app/market/2617
2618,Snurble Fly,Wynora Yuzona,3000,5,2024-07-02T04:04:46.000Z,https://universalis.app/market/2618
5349,Snurble Tufts,Scoobus Big-ears,1000,5,2024-06-24T18:44:40.000Z,https://universalis.app/market/5349
2619,Heavy Steel Jig,Skadi Fonn,3000,5,2024-06-12T19:21:00.000Z,https://universalis.app/market/2619
2620,Spinner,Gyosei Akari,3995,5,2024-06-21T16:36:37.000Z,https://universalis.app/market/2620
4900,Whitelip Oyster,Keiko Satomi,2500,5,2024-06-16T03:52:00.000Z,https://universalis.app/market/4900
2622,Mythril Spoon Lure,Riali Yubuki,811,99,2024-06-29T20:17:13.000Z,https://universalis.app/market/2622
2623,Wildfowl Fly,Templeton Belou,396,5,2024-06-15T14:38:21.000Z,https://universalis.app/market/2623
2624,Topwater Frog,Spooky Crow,3369,3,2024-06-14T10:14:28.000Z,https://universalis.app/market/2624
2625,Rainbow Spoon Lure,Frost Zion,2613,5,2024-06-30T22:40:36.000Z,https://universalis.app/market/2625
5466,Blacklip Oyster,Mogsy Rose,7000,4,2024-06-12T05:53:22.000Z,https://universalis.app/market/5466
2626,Spinnerbait,Althea Eywa,4000,5,2024-06-14T01:25:05.000Z,https://universalis.app/market/2626
5329,Undyed Felt,Avory Bernkastel,7500,1,2024-06-12T12:55:32.000Z,https://universalis.app/market/5329
2627,Streamer,Dart Ikari,3000,5,2024-07-06T04:30:43.000Z,https://universalis.app/market/2627
2628,Yumizuno,Aureole Adora-vivos,4000,5,2024-06-14T06:26:35.000Z,https://universalis.app/market/2628
2629,Hempen Coif,Erikza Holmes,10000000,1,2024-07-07T10:18:15.000Z,https://universalis.app/market/2629
2630,Hempen Coif of Gathering,Zen Jhar,3000,1,2024-06-30T05:45:30.000Z,https://universalis.app/market/2630
2631,Leather Calot,Sejit Reith,41000000,1,2024-07-03T16:50:24.000Z,https://universalis.app/market/2631
12590,Ramie Cloth,Sunshine Lotus,30000,1,2024-06-23T02:43:57.000Z,https://universalis.app/market/12590
12595,Ramie Thread,Dargia Moonstrike,5000,3,2024-06-21T22:30:17.000Z,https://universalis.app/market/12595
2652,Hempen Bandana,Neffie Games,10000,1,2024-06-20T11:31:12.000Z,https://universalis.app/market/2652
2653,Leather Eyepatch,Gilgamesh Bear,200000000,1,2024-07-06T04:52:13.000Z,https://universalis.app/market/2653
2654,Hard Leather Pot Helm,Auvrea Ame,300,1,2024-06-25T15:43:09.000Z,https://universalis.app/market/2654
2655,Hempen Hat,Lanog Twenty,69420,1,2024-06-16T19:26:53.000Z,https://universalis.app/market/2655
2656,Bronze Chain Coif,Runic Raven,6260000,1,2024-06-16T03:59:24.000Z,https://universalis.app/market/2656
5081,Bronze Rings,Azazel Blaze,300,1,2024-06-25T20:00:46.000Z,https://universalis.app/market/5081
2658,Straw Hat,Davor Zorasch,13995,1,2024-06-12T14:23:17.000Z,https://universalis.app/market/2658
5342,Straw,Kanin Mahyz,1000,1,2024-06-15T01:15:47.000Z,https://universalis.app/market/5342
2660,Amateur's Headgear,Deii Dei,5000,1,2024-06-16T06:53:23.000Z,https://universalis.app/market/2660
2661,Amateur's Hempen Coif,Ruby Silksong,15000,1,2024-06-20T20:45:03.000Z,https://universalis.app/market/2661
2662,Bronze Sallet,Rhazorex Highwind,18970,1,2024-06-13T23:41:47.000Z,https://universalis.app/market/2662
2663,Stablemaid's Hat,Rhoe Moya,19995,1,2024-06-13T01:29:47.000Z,https://universalis.app/market/2663
5540,Carnation,Nongaa Zunga,28500000,1,2024-06-30T15:44:57.000Z,https://universalis.app/market/5540
2664,Bronze Barbut,Umeyasha Mellissan,10000,1,2024-06-13T20:04:33.000Z,https://universalis.app/market/2664
2665,Cotton Turban,Fire Ashes,45000,1,2024-06-14T00:52:16.000Z,https://universalis.app/market/2665
2666,Stablehand's Hat,Miho Mewrilah,30000,1,2024-07-05T22:27:40.000Z,https://universalis.app/market/2666
2668,Brass Spectacles,Crimwol Scorchex,30000,1,2024-06-29T07:31:28.000Z,https://universalis.app/market/2668
5512,Clear Glass Lens,Azrael Alexander,1200,12,2024-07-06T02:46:24.000Z,https://universalis.app/market/5512
2669,Hard Leather Eyepatch,Atlanna Love,494,1,2024-06-13T17:58:48.000Z,https://universalis.app/market/2669
2670,Cotton Scarf,Tractor Verde,70007,1,2024-06-28T19:41:01.000Z,https://universalis.app/market/2670
2672,Hard Leather Skullcap,Leo Stormblade,5000,1,2024-06-16T02:41:02.000Z,https://universalis.app/market/2672
2673,Bronze Celata,Hells Angel,794,1,2024-06-29T22:41:04.000Z,https://universalis.app/market/2673
2675,Ash Mask,Jovvi Gahjewesfv,15000,1,2024-07-07T01:33:26.000Z,https://universalis.app/market/2675
2677,Hunting Hat,Jono Kabuto,1994,1,2024-06-16T21:13:48.000Z,https://universalis.app/market/2677
2680,Decorated Bronze Barbut,Maeve Angura,20000,1,2024-06-12T01:57:01.000Z,https://universalis.app/market/2680
2685,Brass Circlet (Sunstone),Stam Ina,2000000,1,2024-06-13T20:27:36.000Z,https://universalis.app/market/2685
5169,Sunstone,Leone Wolfington,50,1,2024-06-24T01:10:33.000Z,https://universalis.app/market/5169
2687,Brass Circlet (Danburite),Seph Triste,5000,1,2024-06-14T22:22:42.000Z,https://universalis.app/market/2687
5170,Danburite,Shinobu Aragaki,602,2,2024-07-02T04:49:38.000Z,https://universalis.app/market/5170
2689,Brass Circlet (Malachite),Y'sayle Iceheart,5550,1,2024-06-14T06:01:54.000Z,https://universalis.app/market/2689
5171,Malachite,Ulysses Rose,1000,1,2024-06-12T02:18:51.000Z,https://universalis.app/market/5171
2691,Brass Circlet (Sphene),Melrit Brave,2495,1,2024-06-14T21:31:09.000Z,https://universalis.app/market/2691
5172,Sphene,Lemyon Aran,1000,1,2024-06-22T17:33:44.000Z,https://universalis.app/market/5172
2693,Brass Circlet (Fluorite),Farramud Blackburn,50,1,2024-06-13T21:00:26.000Z,https://universalis.app/market/2693
5173,Fluorite,Vero Lanuroz,50,2,2024-06-30T13:09:04.000Z,https://universalis.app/market/5173
2695,Brass Circlet (Lapis Lazuli),Liz Zombie,297,1,2024-06-21T23:43:46.000Z,https://universalis.app/market/2695
5174,Lapis Lazuli,Acjaa Fhey,500,5,2024-06-24T19:45:26.000Z,https://universalis.app/market/5174
2697,Goatskin Pot Helm,Lily Kay,14994,1,2024-06-13T01:03:11.000Z,https://universalis.app/market/2697
2699,Cotton Coif,Catboy Bottoms,20000,1,2024-06-25T14:30:00.000Z,https://universalis.app/market/2699
2700,Cotton Coif of Gathering,Youngsam Ham,30000,1,2024-06-24T23:52:53.000Z,https://universalis.app/market/2700
2703,Ash Mask (Lapis Lazuli),Anri Hastur,35000000,1,2024-06-24T22:10:02.000Z,https://universalis.app/market/2703
2708,Iron Sallet,Francis J'radn'ads,9000,1,2024-06-17T03:59:21.000Z,https://universalis.app/market/2708
2710,Goatskin Eyepatch,Raiden Soju,6500,1,2024-06-16T03:05:21.000Z,https://universalis.app/market/2710
2712,Iron Celata,O'fae Ursine,7010,1,2024-06-17T06:30:27.000Z,https://universalis.app/market/2712
5082,Iron Rings,Ddytautme Howtontrpth,2000,2,2024-07-08T20:02:20.000Z,https://universalis.app/market/5082
2714,Initiate's Headgear,Thea Goux,49999,1,2024-07-05T23:13:57.000Z,https://universalis.app/market/2714
2719,Cotton Sugarloaf Hat,My Player,35000,1,2024-06-21T00:09:45.000Z,https://universalis.app/market/2719
2723,Iron Elmo,Lylac Winter,10015,1,2024-07-01T13:12:53.000Z,https://universalis.app/market/2723
2725,Reinforced Iron Sallet,Melrit Brave,14000,1,2024-06-16T22:57:15.000Z,https://universalis.app/market/2725
2727,Velveteen Bandana,Orethir Bizerveron,35015,1,2024-06-17T14:27:22.000Z,https://universalis.app/market/2727
2728,Silver Spectacles,Xauna Gamduhla,99995,1,2024-06-23T16:44:16.000Z,https://universalis.app/market/2728
2729,Velveteen Turban,Aharon Zivakiro,30000,1,2024-06-13T08:37:44.000Z,https://universalis.app/market/2729
2731,Silver Magnifiers,Jensen Jakov,30000,1,2024-07-07T00:17:59.000Z,https://universalis.app/market/2731
2733,Velveteen Wedge Cap of Crafting,Itachi Pain,29921,1,2024-06-16T23:30:57.000Z,https://universalis.app/market/2733
2734,Velveteen Wedge Cap of Gathering,Sir Gardy,7520,1,2024-06-19T04:37:39.000Z,https://universalis.app/market/2734
2735,Silver Circlet (Garnet),Silent Melodies,55555,1,2024-06-18T12:31:52.000Z,https://universalis.app/market/2735
5175,Garnet,Skoenliht Joarvan,500,1,2024-06-28T12:26:59.000Z,https://universalis.app/market/5175
2737,Silver Circlet (Goshenite),Nananana Batman,15024,1,2024-06-22T20:57:46.000Z,https://universalis.app/market/2737
5176,Goshenite,Bethov Thy,1000,1,2024-06-16T02:51:14.000Z,https://universalis.app/market/5176
2739,Silver Circlet (Peridot),Puna'nae Bom'bae,30000,1,2024-06-19T05:38:17.000Z,https://universalis.app/market/2739
5177,Peridot,Khoai Tay,445,2,2024-06-22T16:34:56.000Z,https://universalis.app/market/5177
2741,Silver Circlet (Heliodor),Elriza Dragonforce,20000,1,2024-06-18T03:46:19.000Z,https://universalis.app/market/2741
5178,Heliodor,Jack Beistand,500,2,2024-06-16T21:01:21.000Z,https://universalis.app/market/5178
2743,Silver Circlet (Amethyst),Grand Moff-puppeteer,30000,1,2024-06-19T10:04:30.000Z,https://universalis.app/market/2743
5179,Amethyst,Khoai Tay,150,1,2024-06-22T22:20:14.000Z,https://universalis.app/market/5179
2745,Silver Circlet (Aquamarine),Elyse Starsong,16850,1,2024-06-24T07:03:52.000Z,https://universalis.app/market/2745
5180,Aquamarine,Broken Stocks,100,1,2024-06-15T19:59:55.000Z,https://universalis.app/market/5180
2750,Velveteen Beret,Gumby Rush,20000,1,2024-06-16T07:35:49.000Z,https://universalis.app/market/2750
5343,Cotton Boll,Nom Hataru,800,99,2024-07-05T12:42:54.000Z,https://universalis.app/market/5343
5355,Dodo Feather,Yui Cha,250,4,2024-07-07T04:33:34.000Z,https://universalis.app/market/5355
2753,Steel Sallet,Leona Rook,49999,1,2024-06-21T04:05:09.000Z,https://universalis.app/market/2753
2755,Steel Celata,Jaevira Rain'fyr,32000,1,2024-07-06T08:59:15.000Z,https://universalis.app/market/2755
2757,Vintage Celata,Robbit Mayne,44999,1,2024-06-15T02:28:45.000Z,https://universalis.app/market/2757
2667,Dented Celata,Jessinia Saneko,30,1,2024-06-18T00:47:45.000Z,https://universalis.app/market/2667
2758,Steel Goggles,Helmiknok Dadestoryer,40000,1,2024-06-19T14:39:14.000Z,https://universalis.app/market/2758
2763,Velveteen Sugarloaf Hat,Starria Uranna,30000,1,2024-06-14T22:03:58.000Z,https://universalis.app/market/2763
2765,Steel Elmo,Rhazorex Highwind,35000,1,2024-06-28T15:46:50.000Z,https://universalis.app/market/2765
2767,Skull Eyepatch,Sylvi Angelis,39990,1,2024-06-20T05:06:04.000Z,https://universalis.app/market/2767
2769,Mythril Magnifiers,Aurelle Deresnels,80000000,1,2024-06-26T03:50:49.000Z,https://universalis.app/market/2769
2774,Mythril Spectacles,Lavinia Reni,403800000,1,2024-06-22T14:56:20.000Z,https://universalis.app/market/2774
2776,Linen Turban,Quality Control,30037,1,2024-07-02T20:21:10.000Z,https://universalis.app/market/2776
2778,Angler's Hat,Lady Satarel,44000,1,2024-06-15T23:30:35.000Z,https://universalis.app/market/2778
2779,Linen Hat,Caerwyn Galathynius,50000,1,2024-07-04T23:55:19.000Z,https://universalis.app/market/2779
2785,Vintage Chef's Hat,Oni Turtle,55000,1,2024-06-19T21:25:06.000Z,https://universalis.app/market/2785
2657,Ripped Chef's Hat,Mayzie Stormstout,10000,1,2024-06-21T17:15:09.000Z,https://universalis.app/market/2657
2786,Steel Barbut,Otis Gwtv,29999,1,2024-06-16T15:53:50.000Z,https://universalis.app/market/2786
2788,Boarskin Pot Helm,Eley White,30000,1,2024-06-18T00:52:18.000Z,https://universalis.app/market/2788
2790,Mythril Circlet (Rubellite),Vonosten Asuka,50000,1,2024-06-18T01:55:40.000Z,https://universalis.app/market/2790
5181,Rubellite,Mary Iyaa,749,1,2024-06-15T23:01:24.000Z,https://universalis.app/market/5181
2792,Mythril Circlet (Zircon),Suzu Akari,48990,1,2024-06-16T00:16:38.000Z,https://universalis.app/market/2792
5182,Zircon,Hyacinth Nightingale,1000,10,2024-07-05T00:35:16.000Z,https://universalis.app/market/5182
2794,Mythril Circlet (Tourmaline),Nai-robii Jade,10000,1,2024-06-20T14:01:05.000Z,https://universalis.app/market/2794
2796,Mythril Circlet (Amber),Lara Croft',10000,1,2024-06-19T03:52:56.000Z,https://universalis.app/market/2796
5184,Amber,Amalit Owo,990,1,2024-06-16T07:55:37.000Z,https://universalis.app/market/5184
2798,Mythril Circlet (Spinel),Highlord Rhys,28995,1,2024-06-19T22:18:05.000Z,https://universalis.app/market/2798
5185,Spinel,Kaine' Nier,2000,5,2024-06-16T08:16:23.000Z,https://universalis.app/market/5185
2800,Mythril Circlet (Turquoise),Eley White,5000,1,2024-06-21T21:14:51.000Z,https://universalis.app/market/2800
5186,Turquoise,Fingolfin Nolofinwe,218,1,2024-07-04T13:43:02.000Z,https://universalis.app/market/5186
2802,Mythril Elmo,Risette Khilo,48000,1,2024-07-07T06:49:57.000Z,https://universalis.app/market/2802
2804,Linen Wedge Cap of Crafting,William Leonehart,7000,1,2024-06-14T05:25:41.000Z,https://universalis.app/market/2804
2805,Linen Wedge Cap of Gathering,Gilgamesh Bear,50000000,1,2024-07-05T16:55:42.000Z,https://universalis.app/market/2805
2806,Woolen Coif,Consome Panchi,5000,1,2024-06-29T10:11:42.000Z,https://universalis.app/market/2806
5328,Undyed Woolen Cloth,Ibsul Shimada,4500,1,2024-07-05T17:21:32.000Z,https://universalis.app/market/5328
2808,Woolen Coif of Gathering,Slickstoner Angel,50041,1,2024-06-24T09:31:38.000Z,https://universalis.app/market/2808
2810,Woolen Turban,Maria Valyria,15000,1,2024-06-28T10:06:07.000Z,https://universalis.app/market/2810
2812,Mythril Celata,Miri Havan,58374000,1,2024-06-25T05:47:30.000Z,https://universalis.app/market/2812
5089,Mythril Rings,Kaiden Khan,2500,1,2024-06-17T05:29:18.000Z,https://universalis.app/market/5089
2814,Woolen Hat,Grand Moff-puppeteer,65000,1,2024-06-18T02:09:23.000Z,https://universalis.app/market/2814
2816,Linen Deerstalker,Kanin Mahyz,45000,1,2024-07-06T01:22:06.000Z,https://universalis.app/market/2816
2817,Mythril Barbut,Bex Shade,9000,1,2024-06-19T00:25:46.000Z,https://universalis.app/market/2817
2819,Mythril Mesail,Ginger Uwu,40049,1,2024-06-20T03:21:01.000Z,https://universalis.app/market/2819
2825,Ranger's Hat,Ahro'sae Yalrah,2000,1,2024-06-20T00:25:10.000Z,https://universalis.app/market/2825
2827,Mythril Chain Coif,Bim Danglefield,24000,1,2024-06-23T22:18:00.000Z,https://universalis.app/market/2827
2829,Woolen Beret,Rhae'gar Emberwalker,65000,1,2024-07-06T22:41:05.000Z,https://universalis.app/market/2829
5348,Apkallu Down,Wren Filtiarn,1000,5,2024-06-25T00:46:25.000Z,https://universalis.app/market/5348
2830,Reinforced Mythril Elmo,Mizuki Hasegawa,100000,1,2024-07-04T06:28:59.000Z,https://universalis.app/market/2830
2832,Woolen Cavalier's Hat,Princess Chocolatine,1684,1,2024-06-24T13:43:35.000Z,https://universalis.app/market/2832
2834,Cobalt Preserves,Bowsette Midnight,49053,1,2024-06-23T09:15:37.000Z,https://universalis.app/market/2834
2835,Felt Coif,Mygris Kyo,30000,1,2024-06-24T20:54:19.000Z,https://universalis.app/market/2835
2837,Felt Coif of Gathering,Asami Kohaku,19999,1,2024-06-16T05:58:52.000Z,https://universalis.app/market/2837
2850,Cobalt Elmo,Sir Karma,18000,1,2024-06-16T05:07:44.000Z,https://universalis.app/market/2850
2852,Felt Hat,Klia Churel,13000000,1,2024-06-19T10:13:47.000Z,https://universalis.app/market/2852
2854,Woolen Deerstalker,Sheeva Meen,4850,1,2024-06-26T06:43:25.000Z,https://universalis.app/market/2854
2855,Vintage Jester's Cap,Greef Groff,29999,1,2024-06-20T22:12:39.000Z,https://universalis.app/market/2855
2702,Moldering Jester's Cap,Nuveros Amicus,3350,1,2024-06-23T22:10:07.000Z,https://universalis.app/market/2702
2857,Electrum Monocle,Danzino Cyan,99999,1,2024-06-17T21:08:31.000Z,https://universalis.app/market/2857
5087,Brass Rings,Abeline Cocoa,299,1,2024-06-19T08:14:12.000Z,https://universalis.app/market/5087
2859,Cobalt Barbut,Silver Astralborn,25000,1,2024-06-14T17:16:48.000Z,https://universalis.app/market/2859
2861,Cobalt Mesail,Mine Ittetsu,50000,1,2024-07-06T20:45:58.000Z,https://universalis.app/market/2861
2862,Raptorskin Pot Helm,Ish't Ara'ara,10000,1,2024-06-14T13:39:09.000Z,https://universalis.app/market/2862
2870,Electrum Circlet (Rubellite),Mirella Vampa,4500,1,2024-06-21T00:49:58.000Z,https://universalis.app/market/2870
2872,Electrum Circlet (Zircon),Sapphire Sil'feria,373178000,1,2024-06-23T04:56:51.000Z,https://universalis.app/market/2872
2874,Electrum Circlet (Tourmaline),Apothecaring Herbs,1798,1,2024-06-15T07:29:26.000Z,https://universalis.app/market/2874
2876,Electrum Circlet (Amber),Sheo Nyx,50000,1,2024-07-01T18:15:59.000Z,https://universalis.app/market/2876
2878,Electrum Circlet (Spinel),Andreas Usiel,50000,1,2024-07-06T15:04:47.000Z,https://universalis.app/market/2878
2880,Electrum Circlet (Turquoise),Nebuwu Misamo,1099,1,2024-06-15T01:08:19.000Z,https://universalis.app/market/2880
2882,Rainmaker's Hat,Zekken's Knight,27058,1,2024-06-15T07:34:31.000Z,https://universalis.app/market/2882
5084,Cobalt Rings,Verona Void,503,2,2024-06-25T15:16:01.000Z,https://universalis.app/market/5084
2886,Felt Beret,Addalyde Whiskers,25000,1,2024-06-15T20:31:17.000Z,https://universalis.app/market/2886
2888,Vintage Coif,Death Devil,25003,1,2024-07-02T13:48:52.000Z,https://universalis.app/market/2888
2759,Torn Coif,Kunu Pepyopee,5000,1,2024-06-20T15:24:41.000Z,https://universalis.app/market/2759
2889,Cobalt Celata,Mabel Bella,2200,1,2024-07-02T22:44:15.000Z,https://universalis.app/market/2889
2891,Felt Cavalier's Hat,Umeyasha Mellissan,59500,1,2024-07-02T04:38:59.000Z,https://universalis.app/market/2891
2893,Cobalt Sallet,Consulting Wizard,20000,1,2024-06-14T11:52:06.000Z,https://universalis.app/market/2893
2895,Patrician's Wedge Cap,Amy Scabbia,54065,1,2024-06-23T11:13:50.000Z,https://universalis.app/market/2895
2911,Militia Barbut,Ketenborn Lonwoerdsyn,8000,1,2024-06-23T11:08:25.000Z,https://universalis.app/market/2911
2912,Militia Armet,Sinashi Zamani,1172,1,2024-06-17T04:17:13.000Z,https://universalis.app/market/2912
2913,Militia Hat,Maria Brinkmoon,2200,1,2024-07-08T18:16:12.000Z,https://universalis.app/market/2913
2915,Silver Tricorne,Potato Plato,10000,1,2024-07-03T21:55:09.000Z,https://universalis.app/market/2915
5287,Uraeus Leather,Avory Bernkastel,7000,1,2024-06-16T22:17:31.000Z,https://universalis.app/market/5287
2920,Carpenter's Hood,Zoolie Tittles,4999,1,2024-07-01T19:16:12.000Z,https://universalis.app/market/2920
2921,Blacksmith's Goggles,Verinai Trevelyan,13000,1,2024-06-14T16:26:44.000Z,https://universalis.app/market/2921
2922,Armorer's Visor,Mine Ittetsu,5500,1,2024-07-08T03:38:41.000Z,https://universalis.app/market/2922
2923,Goldsmith's Turban,Asami Kohaku,1000,1,2024-06-23T22:46:11.000Z,https://universalis.app/market/2923
2924,Leatherworker's Hat,Ciara Cosmic,15000,1,2024-07-02T21:24:17.000Z,https://universalis.app/market/2924
2925,Weaver's Gibus,Cevilia Ostoiraint,10000,1,2024-07-03T04:02:06.000Z,https://universalis.app/market/2925
2926,Alchemist's Monocle,Wisteria Bear,19980,1,2024-06-15T19:56:21.000Z,https://universalis.app/market/2926
2927,Culinarian's Hat,Vitroxia Kind,25000,1,2024-07-05T03:03:36.000Z,https://universalis.app/market/2927
2928,Hamlet Digger's Helmet,Greeble Pleeb,45000,1,2024-07-02T14:57:24.000Z,https://universalis.app/market/2928
2929,Hamlet Cutter's Hat,Azem Greystone,40000,1,2024-06-18T00:21:09.000Z,https://universalis.app/market/2929
2930,Hamlet Puller's Hat,Hans Godfrey,23000,1,2024-06-15T01:06:52.000Z,https://universalis.app/market/2930
2932,Rose Gold Circlet,Zel Malachai,2000,1,2024-06-21T02:32:51.000Z,https://universalis.app/market/2932
2931,Legionary Visor,Pearl Sil'feria,30340000,1,2024-06-21T02:28:21.000Z,https://universalis.app/market/2931
5067,Rose Gold Ingot,Severus Voldemort,1756,2,2024-06-13T00:10:46.000Z,https://universalis.app/market/5067
2933,Imperial Operative Tricorne,Talan Stone,1799,1,2024-06-25T13:21:53.000Z,https://universalis.app/market/2933
2934,Imperial Operative Hat,Zel Malachai,1494,1,2024-06-21T02:33:16.000Z,https://universalis.app/market/2934
2938,Gryphonskin Bandana,Torrent Fall,3000,1,2024-06-17T04:19:11.000Z,https://universalis.app/market/2938
5289,Hard Hippogryph Leather,Midnight Dream,5000,1,2024-07-09T06:49:40.000Z,https://universalis.app/market/5289
2939,Gryphonskin Hat,Lekaka Leka,1500,1,2024-06-13T09:08:40.000Z,https://universalis.app/market/2939
2940,Darksteel Chain Coif,Talan Stone,1999,1,2024-06-25T12:50:14.000Z,https://universalis.app/market/2940
5085,Darksteel Rings,Zmega Galvus,199,1,2024-07-09T14:01:27.000Z,https://universalis.app/market/5085
2941,Vanya Hat of Casting,Chunky Soup,9000,1,2024-07-01T04:56:46.000Z,https://universalis.app/market/2941
5577,Vanya Silk Hat Lining,Didrianna Winterset,1700,2,2024-07-01T23:09:54.000Z,https://universalis.app/market/5577
2942,Vanya Hat of Healing,Devilman Xd,2292,1,2024-06-12T17:13:19.000Z,https://universalis.app/market/2942
2958,Hempen Dalmatica,Milyard Helstea,30000000,1,2024-06-25T20:52:52.000Z,https://universalis.app/market/2958
2959,Hempen Dalmatica of Gathering,Kazuto Riversong,50000000,1,2024-06-18T21:07:41.000Z,https://universalis.app/market/2959
2960,Hempen Tunic,Rabbit Yooooo,357000000,1,2024-06-24T20:20:54.000Z,https://universalis.app/market/2960
2961,Hempen Kurta,Stoic Oak,128000000,1,2024-06-12T01:49:51.000Z,https://universalis.app/market/2961
2993,Company Tabard,Whiffing Shots,1499978,1,2024-06-29T23:16:07.000Z,https://universalis.app/market/2993
2996,Hempen Undershirt,Rain Shadowsong,6650,1,2024-07-07T07:01:49.000Z,https://universalis.app/market/2996
2997,Hempen Camise,Adsila Wolf,12003,1,2024-07-02T06:14:12.000Z,https://universalis.app/market/2997
2999,Hempen Tabard,Rhazorex Highwind,14995,1,2024-06-12T17:37:55.000Z,https://universalis.app/market/2999
3000,Hempen Cowl,Sirius Bellatrix,40000000,1,2024-06-16T21:29:22.000Z,https://universalis.app/market/3000
3001,Hempen Shepherd's Tunic,Neffie Games,9975,1,2024-06-20T11:31:40.000Z,https://universalis.app/market/3001
3008,Hempen Acton,Aurora Kiri'shimaa,4975,1,2024-06-21T23:22:18.000Z,https://universalis.app/market/3008
5341,Moko Grass,Jace Vermillion,89,2,2024-06-12T21:17:29.000Z,https://universalis.app/market/5341
3010,Hempen Halfrobe,Saiyuki Richie,10000,1,2024-06-20T16:06:45.000Z,https://universalis.app/market/3010
3011,Bronze Haubergeon,Sleepy Dude,10000000,1,2024-06-16T18:34:33.000Z,https://universalis.app/market/3011
3013,Amateur's Doublet Vest,Neffie Games,20000,1,2024-06-20T21:02:36.000Z,https://universalis.app/market/3013
3014,Amateur's Kurta,Xaldin Heart,13000000,1,2024-06-14T02:29:34.000Z,https://universalis.app/market/3014
3015,Amateur's Dalmatica,Osiris Neverwinter,40000,1,2024-06-15T00:15:08.000Z,https://universalis.app/market/3015
3016,Leather Jacket,Catboy Bottoms,5000,1,2024-06-14T21:17:29.000Z,https://universalis.app/market/3016
3017,Hard Leather Harness,Celery Knees,4500,1,2024-06-13T20:21:59.000Z,https://universalis.app/market/3017
3018,Hempen Robe,Nananana Batman,20000,1,2024-06-22T18:37:26.000Z,https://universalis.app/market/3018
3019,Hempen Doublet Vest of Crafting,Kanin Mahyz,9995,1,2024-06-14T21:07:20.000Z,https://universalis.app/market/3019
3020,Hempen Doublet Vest of Gathering,Lycelle Auberlaint-,10000,1,2024-06-30T17:42:24.000Z,https://universalis.app/market/3020
3022,Cotton Shirt,Melrit Brave,19000,1,2024-06-18T04:08:21.000Z,https://universalis.app/market/3022
3023,Cotton Shepherd's Tunic,Sombre Dragonne,14750,1,2024-06-26T00:32:32.000Z,https://universalis.app/market/3023
3024,Cotton Cowl,Amelia Day,15000000,1,2024-06-17T00:33:16.000Z,https://universalis.app/market/3024
3026,Bronze Cuirass,Billy Bum,1010,1,2024-07-02T05:37:57.000Z,https://universalis.app/market/3026
3028,Cotton Tabard,Rose Zee,30000,1,2024-06-29T15:21:32.000Z,https://universalis.app/market/3028
3036,Cotton Dalmatica,Focks Bocks,10000,1,2024-07-04T20:43:47.000Z,https://universalis.app/market/3036
3038,Cotton Dalmatica of Gathering,Zel Malachai,20000,1,2024-07-06T22:48:42.000Z,https://universalis.app/market/3038
3039,Cotton Acton,Smazing Nekojita,10103,1,2024-06-21T04:27:07.000Z,https://universalis.app/market/3039
3041,Cotton Kurta,Asami Kohaku,10000,1,2024-06-24T04:28:48.000Z,https://universalis.app/market/3041
3043,Goatskin Jacket,O'fae Ursine,95,1,2024-06-17T05:57:06.000Z,https://universalis.app/market/3043
3045,Iron Cuirass,Averya Artelle,5000,1,2024-06-14T05:05:52.000Z,https://universalis.app/market/3045
3050,Cotton Halfrobe,Vivace Cantabile,100000000,1,2024-06-24T19:07:22.000Z,https://universalis.app/market/3050
3052,Cotton Doublet Vest of Crafting,Verinai Trevelyan,49999,1,2024-06-13T17:44:50.000Z,https://universalis.app/market/3052
3053,Cotton Doublet Vest of Gathering,Yoshii Piere,39750,1,2024-07-05T15:15:13.000Z,https://universalis.app/market/3053
3057,Iron Scale Mail,Gercal Flopalopagus,24999,1,2024-06-17T19:11:01.000Z,https://universalis.app/market/3057
3060,Cotton Trapper's Tunic,Deii Dei,5000,1,2024-06-13T06:11:30.000Z,https://universalis.app/market/3060
3062,Cotton Robe,Kooky Monster,260000000,1,2024-06-14T06:48:44.000Z,https://universalis.app/market/3062
3064,Initiate's Doublet Vest,Xlii Touchdown,30000,1,2024-06-29T05:10:21.000Z,https://universalis.app/market/3064
3065,Initiate's Gown,Mixie Misadventure,2000,1,2024-06-19T00:27:01.000Z,https://universalis.app/market/3065
3066,Velveteen Shirt,Laeticia Hufflepuff,20000,1,2024-07-05T08:22:50.000Z,https://universalis.app/market/3066
3068,Heavy Iron Armor,Ciel Valentine,9900,1,2024-06-15T05:36:46.000Z,https://universalis.app/market/3068
3076,Vintage Coatee,Anne Chovy,52631,1,2024-06-12T11:40:20.000Z,https://universalis.app/market/3076
3009,Moth-eaten Coatee,Carrissa Car,27050,1,2024-06-18T08:21:38.000Z,https://universalis.app/market/3009
3077,Velveteen Coatee of Crafting,Zodem Undomiel,32000,1,2024-07-02T02:47:19.000Z,https://universalis.app/market/3077
3090,Velveteen Cowl,Anaximander Aletheia,45000,1,2024-06-13T07:26:04.000Z,https://universalis.app/market/3090
3092,Velveteen Coatee of Gathering,Neffie Games,40000,1,2024-07-02T13:35:49.000Z,https://universalis.app/market/3092
3096,Steel Chainmail,Nuala Teshurr,60000,1,2024-06-23T22:47:59.000Z,https://universalis.app/market/3096
5083,Steel Rings,Elayni Mayvicid,2001,1,2024-07-01T23:04:00.000Z,https://universalis.app/market/5083
3099,Toadskin Jerkin,Albert Leopold,20000000,1,2024-06-22T01:24:55.000Z,https://universalis.app/market/3099
3100,Toadskin Jacket,Deii Dei,55555,1,2024-06-14T19:19:58.000Z,https://universalis.app/market/3100
3102,Steel Cuirass,Amber Sil'feria,28230000,1,2024-06-21T02:31:07.000Z,https://universalis.app/market/3102
3104,Velveteen Gown,Louie Howell,12050,1,2024-06-13T19:08:09.000Z,https://universalis.app/market/3104
3105,Vintage Doublet Vest,La'zuline Duskdancer,1000000,1,2024-06-13T18:34:52.000Z,https://universalis.app/market/3105
2998,Frayed Cotton Doublet Vest,Mayzie Stormstout,17000,1,2024-06-21T15:36:54.000Z,https://universalis.app/market/2998
3106,Velveteen Robe,Jaevira Rain'fyr,19999,1,2024-07-06T08:55:33.000Z,https://universalis.app/market/3106
3118,Steel Scale Mail,Ella Menopea,32000,1,2024-06-30T04:58:09.000Z,https://universalis.app/market/3118
3120,Velveteen Doublet Vest of Crafting,Nagi Raha,40000,1,2024-06-14T18:18:04.000Z,https://universalis.app/market/3120
3121,Velveteen Doublet Vest of Gathering,Finnwaer Gremory,35500,1,2024-06-30T05:28:16.000Z,https://universalis.app/market/3121
3125,Linen Shirt,Gatsu Gremory,15000,1,2024-06-16T18:10:16.000Z,https://universalis.app/market/3125
3127,Heavy Steel Armor,Robbit Mayne,9996,1,2024-06-15T02:29:21.000Z,https://universalis.app/market/3127
3131,Linen Robe,Callisto Knightshade,25000,1,2024-06-13T22:38:36.000Z,https://universalis.app/market/3131
3137,Vintage Chef's Apron,Morg Meow,35000,1,2024-06-16T07:09:24.000Z,https://universalis.app/market/3137
3012,Stained Chef's Apron,Tran Tran,32000,1,2024-07-05T18:41:38.000Z,https://universalis.app/market/3012
3138,Boarskin Harness,Quinella Pontifex,50000,1,2024-06-13T07:02:09.000Z,https://universalis.app/market/3138
3140,Linen Cowl,Thalma Badragon,25000,1,2024-06-19T03:12:18.000Z,https://universalis.app/market/3140
3142,Horn Scale Mail,Kearan Shadowsong,30000,1,2024-06-13T02:56:12.000Z,https://universalis.app/market/3142
3144,Linen Coatee of Crafting,William Leonehart,18900,1,2024-06-14T05:25:54.000Z,https://universalis.app/market/3144
3145,Linen Coatee of Gathering,Verinai Trevelyan,28000,1,2024-06-20T18:57:36.000Z,https://universalis.app/market/3145
3146,Linen Bliaud,Indigo Moon,50000000,1,2024-07-07T16:36:12.000Z,https://universalis.app/market/3146
3147,Woolen Shirt,K'oto Sturm,11555,1,2024-06-14T21:26:44.000Z,https://universalis.app/market/3147
3149,Mythril Cuirass,Funeral Home,55222,1,2024-06-14T05:12:40.000Z,https://universalis.app/market/3149
3162,Linen Smock,Rakas Sol,35900,1,2024-06-17T04:17:15.000Z,https://universalis.app/market/3162
3163,Linen Doublet,Hermes Lyko,17964,1,2024-06-16T23:04:02.000Z,https://universalis.app/market/3163
3164,Vintage Scale Mail,Bowsette Midnight,6969,1,2024-06-18T10:17:19.000Z,https://universalis.app/market/3164
3165,Peisteskin Harness,Laxus Blackmoon,20000,1,2024-06-26T01:11:44.000Z,https://universalis.app/market/3165
3174,Mythril Haubergeon,Abeline Cocoa,30000,1,2024-06-16T08:23:27.000Z,https://universalis.app/market/3174
3176,Woolen Gown,Cero Gojen,12000,1,2024-06-12T15:10:50.000Z,https://universalis.app/market/3176
3177,Boarskin Jerkin,Midnight Dream,32995,1,2024-07-02T20:19:54.000Z,https://universalis.app/market/3177
3178,Woolen Bliaud,Eli Fun'iki-ni,20000,1,2024-07-07T03:20:49.000Z,https://universalis.app/market/3178
3180,High Mythril Armor,Alt Qerel,25000,1,2024-06-15T08:36:03.000Z,https://universalis.app/market/3180
3098,Moth-eaten Seneschal Coatee,Master Obeediance,35000,1,2024-06-30T08:34:20.000Z,https://universalis.app/market/3098
3183,Tortoiseshell Scale Mail,Highlord Rhys,22085,1,2024-06-19T22:17:48.000Z,https://universalis.app/market/3183
3185,Felt Robe,Kezak Zukazak,50000,1,2024-06-18T03:18:56.000Z,https://universalis.app/market/3185
3187,Woolen Smock,Condi Ttv,20000,1,2024-06-26T04:35:30.000Z,https://universalis.app/market/3187
3188,Woolen Doublet,Lanz Tyanu,25000,1,2024-06-16T21:51:35.000Z,https://universalis.app/market/3188
3191,Raptorskin Harness,Rosetta Blackthorne,30000,1,2024-06-20T22:23:55.000Z,https://universalis.app/market/3191
3193,Woolen Cowl,Ayaka Namikiri,29847,1,2024-06-13T10:41:52.000Z,https://universalis.app/market/3193
3201,Rainmaker's Tunic,Hailey Penyo,39902,1,2024-06-14T00:58:25.000Z,https://universalis.app/market/3201
3203,Cobalt Haubergeon,Baby Goat,70000,1,2024-07-02T10:57:14.000Z,https://universalis.app/market/3203
3205,Felt Gown,Mirella Vampa,39000,1,2024-06-21T00:50:07.000Z,https://universalis.app/market/3205
3206,Raptorskin Jerkin,Yoona Eclair,63902,1,2024-06-21T23:55:10.000Z,https://universalis.app/market/3206
3208,Vintage Robe,Snow Ash,25000,1,2024-06-19T05:45:33.000Z,https://universalis.app/market/3208
3108,Tattered Robe,Midnight Dream,20000,1,2024-06-19T08:49:27.000Z,https://universalis.app/market/3108
3209,Cobalt Cuirass,Saoirse Skovgaard,14999,1,2024-06-13T07:16:01.000Z,https://universalis.app/market/3209
3211,Felt Bliaud,Uwu Daddy,45000,1,2024-06-19T01:05:07.000Z,https://universalis.app/market/3211
3213,Raptorskin Jacket,Tavi Takanaka,20000,1,2024-06-13T20:18:09.000Z,https://universalis.app/market/3213
3215,Patrician's Coatee,Kei Dja-rhoji,60109,1,2024-06-22T14:35:58.000Z,https://universalis.app/market/3215
3218,Vintage Haubergeon,Sir Karma,30000,1,2024-06-16T05:08:04.000Z,https://universalis.app/market/3218
3059,Ripped Haubergeon,Rho Diana,898,1,2024-06-16T02:40:59.000Z,https://universalis.app/market/3059
3230,Blacksmith's Apron,Genysis Rhapsodos,25555,1,2024-06-14T20:59:38.000Z,https://universalis.app/market/3230
3231,Armorer's Gown,Mine Ittetsu,9999,1,2024-07-08T03:38:27.000Z,https://universalis.app/market/3231
3232,Goldsmith's Doublet,Asami Kohaku,30297,1,2024-06-23T22:46:26.000Z,https://universalis.app/market/3232
3233,Leatherworker's Shirt,Ciara Cosmic,15000,1,2024-07-02T21:23:16.000Z,https://universalis.app/market/3233
3234,Weaver's Swallowtail,Momiji Scrungler,20996,1,2024-06-20T22:22:47.000Z,https://universalis.app/market/3234
3235,Alchemist's Coat,Verinai Trevelyan,27999,1,2024-06-13T18:34:28.000Z,https://universalis.app/market/3235
3236,Culinarian's Apron,Jelly Salad,49997,1,2024-06-16T05:57:29.000Z,https://universalis.app/market/3236
3237,Miner's Shirt,Cas Neuri,75000,1,2024-06-17T00:08:14.000Z,https://universalis.app/market/3237
3238,Botanist's Doublet,Patron Sprinkles,45000,1,2024-06-12T18:22:36.000Z,https://universalis.app/market/3238
3239,Fisher's Shirt,Keroro Gunsou,24000,1,2024-06-15T02:43:15.000Z,https://universalis.app/market/3239
3241,Militia Cuirass,Sinashi Zamani,1995,1,2024-06-17T04:17:08.000Z,https://universalis.app/market/3241
3242,Militia Harness,Just Dizzt,12999,1,2024-06-13T22:41:42.000Z,https://universalis.app/market/3242
3243,Mosshorn Scale Mail,Panthalassa Gaia,10000000,1,2024-06-19T02:00:17.000Z,https://universalis.app/market/3243
5437,Mossy Horn,Makoto Aino,569,2,2024-06-20T18:26:59.000Z,https://universalis.app/market/5437
3244,Dodore Doublet,Hyo Astron,50000,1,2024-06-23T10:42:11.000Z,https://universalis.app/market/3244
5286,Dodore Leather,Mystic Memories,2000,11,2024-06-20T02:28:35.000Z,https://universalis.app/market/5286
3249,Imperial Operative Dalmatica,Wabbit Season,2000,1,2024-07-02T20:41:57.000Z,https://universalis.app/market/3249
3256,Heavy Darksteel Armor,Osiris Neverwinter,5149,1,2024-07-03T18:31:03.000Z,https://universalis.app/market/3256
5585,Darksteel Breastplate,Chile Mango,2500,1,2024-06-12T15:59:55.000Z,https://universalis.app/market/5585
3257,Darksteel Haubergeon,Talan Stone,2004,1,2024-06-25T12:50:55.000Z,https://universalis.app/market/3257
5105,Garlean Steel Plate,M'anakir Fenri,780,8,2024-06-16T18:23:47.000Z,https://universalis.app/market/5105
3258,Gryphonskin Jerkin,O'lani Yuki,4400,1,2024-06-14T03:58:40.000Z,https://universalis.app/market/3258
5290,Coeurl Fur,Mocha Roundbottom,490,11,2024-06-24T14:02:00.000Z,https://universalis.app/market/5290
5581,Gryphonskin Shoulder Guards,Didrianna Winterset,799,2,2024-07-01T23:13:21.000Z,https://universalis.app/market/5581
3259,Gryphonskin Tunic,Lekaka Leka,1999,1,2024-06-24T22:53:24.000Z,https://universalis.app/market/3259
5104,Garlean Steel Joint,Re'nhallo Tia,6000,1,2024-06-18T01:39:37.000Z,https://universalis.app/market/5104
3260,Vanya Robe of Casting,Ounica Light,4798,1,2024-06-19T21:37:16.000Z,https://universalis.app/market/3260
5578,Vanya Silk Robe Lining,Didrianna Winterset,973,1,2024-07-01T23:10:06.000Z,https://universalis.app/market/5578
3261,Vanya Robe of Healing,Cory Trevor,5850,1,2024-06-13T21:49:47.000Z,https://universalis.app/market/3261
3274,Hempen Breeches,Stone Nerdd,7878,1,2024-06-17T16:17:53.000Z,https://universalis.app/market/3274
