id,name,buyerName,pricePerUnit,quantity,timestamp,universalisUrl
1602,Bronze Bastard Sword,Emi Anatol,5000,1,2024-06-11T00:44:16.000Z,https://universalis.app/market/1602
2,Fire Shard,Sega Olis,720,75,2024-06-09T14:52:21.000Z,https://universalis.app/market/2
5,Earth Shard,Archangel Azryil,175,55,2024-05-19T18:36:23.000Z,https://universalis.app/market/5
5056,Bronze Ingot,Grimm'thera Skogkatt,997,2,2024-05-18T06:59:58.000Z,https://universalis.app/market/5056
5361,Maple Lumber,Jasper James,5000,1,2024-06-10T04:25:38.000Z,https://universalis.app/market/5361
5432,Bone Chip,Tisiphone Kore,201,40,2024-05-20T19:27:48.000Z,https://universalis.app/market/5432
1603,Viking Sword,Renfrew Nocaire,10001,1,2024-06-03T07:24:08.000Z,https://universalis.app/market/1603
5275,Leather,David Blackthorne,1000,18,2024-06-02T23:40:04.000Z,https://universalis.app/market/5275
1604,Ash Macuahuitl,Totty Mcfly,40000000,1,2024-06-06T00:21:49.000Z,https://universalis.app/market/1604
3,Ice Shard,Sega Olis,175,55,2024-06-09T14:53:00.000Z,https://universalis.app/market/3
4,Wind Shard,Solomon Ravengarde,130,1000,2024-06-02T03:17:21.000Z,https://universalis.app/market/4
5124,Obsidian,Dzoldzaya Ugund,2000,1,2024-05-26T20:33:19.000Z,https://universalis.app/market/5124
5364,Ash Lumber,Salsa Mai,2000,13,2024-05-25T05:10:28.000Z,https://universalis.app/market/5364
1605,Bronze Spatha,Harriet Montgomery,15000,1,2024-06-06T05:18:32.000Z,https://universalis.app/market/1605
5276,Hard Leather,Aureole Adora-vivos,4000,1,2024-06-07T17:40:06.000Z,https://universalis.app/market/5276
5434,Ram Horn,Afrit Telamon,137,46,2024-06-12T17:50:49.000Z,https://universalis.app/market/5434
1607,Brass Bastard Sword,Garrus Flameborn,5009,1,2024-05-26T00:11:17.000Z,https://universalis.app/market/1607
5063,Brass Ingot,Gwell Moko,2000,2,2024-06-02T18:07:38.000Z,https://universalis.app/market/5063
1609,Brass Viking Sword,Shozai Honzai,6000,1,2024-05-30T15:56:58.000Z,https://universalis.app/market/1609
5277,Aldgoat Leather,Maeva Raine,6000,10,2024-05-24T16:57:21.000Z,https://universalis.app/market/5277
1611,Carnage Sword,Strawberry Sundae,20030000,1,2024-05-17T01:37:37.000Z,https://universalis.app/market/1611
1614,Iron Shortsword,Rie Kugimiya,716,1,2024-06-04T20:35:55.000Z,https://universalis.app/market/1614
5057,Iron Ingot,Luka Bautalta,1000,1,2024-06-07T01:25:33.000Z,https://universalis.app/market/5057
5367,Elm Lumber,Malaki Spudlin,1002,5,2024-05-31T00:35:12.000Z,https://universalis.app/market/5367
1622,Iron Spatha,Yinyinji Yinji,3000,1,2024-06-02T23:38:42.000Z,https://universalis.app/market/1622
5435,Antelope Horn,Mogsy Rose,2499,3,2024-06-09T05:49:28.000Z,https://universalis.app/market/5435
1625,Steel Broadsword,Mariska Divine,11000,1,2024-05-24T06:00:40.000Z,https://universalis.app/market/1625
5058,Steel Ingot,Aubrey Calpurnia,5000,20,2024-06-02T19:44:29.000Z,https://universalis.app/market/5058
5371,Walnut Lumber,Avory Bernkastel,10000,1,2024-06-05T02:55:41.000Z,https://universalis.app/market/5371
5444,Wolf Fang,Amybelle Teonis,8887,2,2024-06-05T11:41:20.000Z,https://universalis.app/market/5444
1627,Elm Macuahuitl,Yumi Sato,799,1,2024-05-24T15:44:48.000Z,https://universalis.app/market/1627
1633,Steel Falchion,Olivia Noir,10036,1,2024-06-03T00:48:10.000Z,https://universalis.app/market/1633
5260,Siltstone Whetstone,M'dennmo Lizhana,2000,1,2024-05-17T05:20:22.000Z,https://universalis.app/market/5260
1635,Vintage Bastard Sword,Lappy Ashborne,29999,1,2024-06-07T18:22:40.000Z,https://universalis.app/market/1635
8,Fire Crystal,Loe Punni,99,9000,2024-05-19T03:07:01.000Z,https://universalis.app/market/8
5259,Mudstone Whetstone,Kilamaru Amaya,1500,1,2024-06-07T10:06:59.000Z,https://universalis.app/market/5259
1637,Walnut Macuahuitl,Fluox Etine,5000,1,2024-05-16T04:43:39.000Z,https://universalis.app/market/1637
5125,Wyvern Obsidian,Bettenhausen Leonhart,4000,1,2024-05-23T14:52:54.000Z,https://universalis.app/market/5125
1639,Steel Longsword,Ameline Vendhen,23500,1,2024-06-09T05:51:21.000Z,https://universalis.app/market/1639
5504,Fish Glue,Mugen Rokujizo,4002,11,2024-06-08T20:27:47.000Z,https://universalis.app/market/5504
1642,Goblin Scimitar,Michiru Rintaro,60500,1,2024-06-06T08:32:18.000Z,https://universalis.app/market/1642
1613,Blunt Goblin Scimitar,Gwyn Collier,2500,1,2024-05-28T02:48:53.000Z,https://universalis.app/market/1613
1643,Mythril Broadsword,Helmiknok Dadestoryer,39900,1,2024-06-03T14:35:22.000Z,https://universalis.app/market/1643
5065,Mythril Ingot,Bagaridai Borlaaqe,2250,1,2024-06-01T09:29:53.000Z,https://universalis.app/market/5065
5373,Oak Lumber,Vosaar Verath'an,5500,3,2024-06-05T11:36:03.000Z,https://universalis.app/market/5373
1648,Vintage Viking Sword,Riya Myu,5057,1,2024-05-24T20:30:30.000Z,https://universalis.app/market/1648
11,Earth Crystal,Cole Digiorno,400,402,2024-05-19T01:29:57.000Z,https://universalis.app/market/11
1616,Nicked Viking Sword,Ayre Coral,16036,1,2024-05-25T07:28:28.000Z,https://universalis.app/market/1616
1649,Goblin Longsword,Logan Fox,50000,1,2024-05-30T01:59:37.000Z,https://universalis.app/market/1649
1621,Blunt Goblin Longsword,Xindame Satoru,2600,1,2024-05-16T05:29:19.000Z,https://universalis.app/market/1621
5262,Basilisk Whetstone,Esthra Lasra,5000,1,2024-06-10T21:00:48.000Z,https://universalis.app/market/5262
1650,Plumed Oak Macuahuitl,Karyn Ava,18000,1,2024-05-22T03:12:47.000Z,https://universalis.app/market/1650
5360,Wildfowl Feather,Hana Kaori,1238,6,2024-05-28T04:52:44.000Z,https://universalis.app/market/5360
1657,Cobalt Katzbalger,Stone Fall,17500,1,2024-05-25T05:20:23.000Z,https://universalis.app/market/1657
5059,Cobalt Ingot,Demond Cat,2500,10,2024-05-21T01:34:53.000Z,https://universalis.app/market/5059
5066,Electrum Ingot,Chiull Malqir,7500,1,2024-05-16T08:42:11.000Z,https://universalis.app/market/5066
5282,Boar Leather,Arwynn Ty'vesta,7000,1,2024-05-18T02:30:48.000Z,https://universalis.app/market/5282
1659,Cobalt Shamshir,Azura Highwind,33000,1,2024-05-29T21:20:32.000Z,https://universalis.app/market/1659
5436,Aldgoat Horn,Auryn Valfaren,1000,3,2024-05-30T20:54:13.000Z,https://universalis.app/market/5436
1663,Cobalt Winglet,Stone Fall,48888,1,2024-05-31T15:42:59.000Z,https://universalis.app/market/1663
5374,Mahogany Lumber,R'odh Tia,3500,1,2024-05-19T19:21:34.000Z,https://universalis.app/market/5374
5465,Sunrise Tellin,Sollaeren Guilthana,500,7,2024-05-17T18:53:46.000Z,https://universalis.app/market/5465
5505,Horn Glue,Orion Moonshadow,4002,4,2024-05-30T12:18:56.000Z,https://universalis.app/market/5505
1666,Giantsgall Longsword,Sweggy Tatas,19500,1,2024-06-10T00:36:27.000Z,https://universalis.app/market/1666
18,Lightning Cluster,Avan Estrella,1001,1,2024-05-20T16:29:17.000Z,https://universalis.app/market/18
19,Water Cluster,Leavy Jesal,349,101,2024-05-19T20:58:18.000Z,https://universalis.app/market/19
7579,Mossy Stone Sword,Shakal Draconis,20,1,2024-05-22T22:00:17.000Z,https://universalis.app/market/7579
7620,Diluted Vitriol,Sir Nate,900,34,2024-05-24T01:28:21.000Z,https://universalis.app/market/7620
1670,Aeolian Scimitar,Ysgolhaig Cerdoriaeth,99897,1,2024-06-08T18:57:24.000Z,https://universalis.app/market/1670
1636,Blunt Aeolian Scimitar,Pauline Levista,900,1,2024-05-26T02:24:03.000Z,https://universalis.app/market/1636
5061,Darksteel Nugget,Glipparzo Glop,5999,2,2024-06-05T19:18:51.000Z,https://universalis.app/market/5061
1673,Mailbreaker,Petit Fours,2000,1,2024-05-18T06:09:48.000Z,https://universalis.app/market/1673
14,Fire Cluster,Ulysses Rose,1001,2,2024-05-19T20:23:02.000Z,https://universalis.app/market/14
17,Earth Cluster,Sparkle Bomb,1001,2,2024-05-23T16:47:04.000Z,https://universalis.app/market/17
5068,Rose Gold Nugget,Sunshine Lotus,10000,4,2024-05-21T02:14:38.000Z,https://universalis.app/market/5068
5288,Hippogryph Leather,Maxxie Davis,7770,4,2024-05-29T03:40:28.000Z,https://universalis.app/market/5288
5570,Mailbreaker Blade,Petit Fours,2000,2,2024-05-18T06:10:31.000Z,https://universalis.app/market/5570
1681,Bone Hora,Zephiro Rainelle,10000000,1,2024-05-23T17:31:13.000Z,https://universalis.app/market/1681
5318,Animal Sinew,Soren Valkyr,1000,5,2024-06-11T00:49:24.000Z,https://universalis.app/market/5318
1682,Leather Himantes,Amenie Gamma,10000,1,2024-05-24T13:26:44.000Z,https://universalis.app/market/1682
5324,Undyed Hempen Cloth,Captain Dread,2000000,1,2024-06-07T12:56:06.000Z,https://universalis.app/market/5324
1683,Ramhorn Claws,Nagi Raha,1390,1,2024-06-05T20:59:53.000Z,https://universalis.app/market/1683
1684,Bronze Knuckles,Dzh Sck,19709,1,2024-05-31T17:05:01.000Z,https://universalis.app/market/1684
1685,Hard Leather Himantes,Legend's Pet,1000,1,2024-05-17T05:35:25.000Z,https://universalis.app/market/1685
1686,Brass Knuckles,Yinyinji Yinji,49999,1,2024-05-22T23:39:30.000Z,https://universalis.app/market/1686
1688,Goatskin Cesti,Ameline Vendhen,15000,1,2024-06-05T13:59:27.000Z,https://universalis.app/market/1688
5319,Beast Sinew,Arasen Angura,1040,3,2024-06-12T22:16:11.000Z,https://universalis.app/market/5319
1694,Spiked Knuckles,Mipha Zorana,4500,1,2024-05-27T01:13:22.000Z,https://universalis.app/market/1694
5072,Iron Plate,Sam Dickey,762,2,2024-06-06T22:05:45.000Z,https://universalis.app/market/5072
1697,Toadskin Cesti,Bruce Man,8800,1,2024-05-29T23:22:09.000Z,https://universalis.app/market/1697
5280,Toad Leather,Ishtar Anastasia,5000,4,2024-06-07T05:33:46.000Z,https://universalis.app/market/5280
5320,Diremite Sinew,E'kekri Ndai,1000,1,2024-06-02T19:43:58.000Z,https://universalis.app/market/5320
1699,Steel Claws,Twinti Triduks,5000,1,2024-05-17T08:13:38.000Z,https://universalis.app/market/1699
5073,Steel Plate,Arc Xi,2500,1,2024-06-10T00:48:41.000Z,https://universalis.app/market/5073
1706,Crabshell Hora,Raikyo Deus,5000,1,2024-06-03T17:50:44.000Z,https://universalis.app/market/1706
5321,Hippogryph Sinew,Anwyn Fjellhammer,1000,4,2024-05-23T12:34:28.000Z,https://universalis.app/market/5321
5456,Green Megalocrab Shell,Lune Jaab,1995,1,2024-06-09T22:02:20.000Z,https://universalis.app/market/5456
1708,Boarskin Himantes,Matatabi Hayashi,10000,1,2024-05-26T03:20:35.000Z,https://universalis.app/market/1708
1711,Mythril Claws,Amarante Namikaze,25000,1,2024-05-28T00:03:59.000Z,https://universalis.app/market/1711
5079,Mythril Plate,Smolgia Blaiid,4000,7,2024-05-27T04:49:27.000Z,https://universalis.app/market/5079
1716,Tortoiseshell Hora,Raikyo Deus,16001,1,2024-06-03T21:49:31.000Z,https://universalis.app/market/1716
5322,Raptor Sinew,Beansy Breezy,2222,6,2024-05-23T02:02:13.000Z,https://universalis.app/market/5322
5458,Adamantoise Shell,Raziel Star,22,16,2024-06-07T11:51:45.000Z,https://universalis.app/market/5458
1723,Cobalt Knuckles,Elltara Virkin,38000,1,2024-05-30T04:06:28.000Z,https://universalis.app/market/1723
1728,Peisteskin Cesti,Sun Crowley,6500,1,2024-05-23T02:11:23.000Z,https://universalis.app/market/1728
5284,Peiste Leather,Suvd Tumet,1800,1,2024-05-23T00:39:38.000Z,https://universalis.app/market/5284
5285,Raptor Leather,Ra Zetzy,3220,13,2024-06-09T20:46:14.000Z,https://universalis.app/market/5285
1733,Cobalt Claws,Ao Hime,30100,1,2024-06-03T01:07:11.000Z,https://universalis.app/market/1733
5074,Cobalt Plate,Gorgeous Moon,20000,2,2024-05-29T05:41:39.000Z,https://universalis.app/market/5074
1736,Giantsgall Claws,Zanfina Fancois,1999,1,2024-05-23T16:55:42.000Z,https://universalis.app/market/1736
7581,Mossy Stone Claws,Shakal Draconis,20,1,2024-05-22T22:00:25.000Z,https://universalis.app/market/7581
1740,Wildling's Cesti,Vice Rice,51699,1,2024-05-19T20:43:35.000Z,https://universalis.app/market/1740
10,Wind Crystal,Inimini Miniemoe,998,200,2024-05-24T23:09:30.000Z,https://universalis.app/market/10
5567,Bloody Cesti Covers,Saphira Summers,2100,1,2024-06-06T01:03:07.000Z,https://universalis.app/market/5567
1743,Avengers,Husband Materia,2999,1,2024-05-23T19:10:50.000Z,https://universalis.app/market/1743
5378,Spruce Lumber,Severus Voldemort,5500,5,2024-06-04T17:47:49.000Z,https://universalis.app/market/5378
5571,Avenger Grips,Petit Fours,2000,2,2024-05-18T06:10:19.000Z,https://universalis.app/market/5571
1750,Bronze War Axe,Kalcaion Kasenumi,10995,1,2024-06-04T00:25:09.000Z,https://universalis.app/market/1750
1751,Bronze Labrys,Elaine Lennox,3000,1,2024-05-28T02:32:53.000Z,https://universalis.app/market/1751
1752,Cloud Axe,Elaine Lennox,7777,1,2024-05-28T02:32:48.000Z,https://universalis.app/market/1752
1753,Spiked Bronze Labrys,Azura Highwind,45010,1,2024-05-29T20:36:17.000Z,https://universalis.app/market/1753
1754,Iron War Axe,Dorinere Calfslasher,10000,1,2024-05-16T20:08:48.000Z,https://universalis.app/market/1754
1756,Iron Labrys,Kale Chippu,14000,1,2024-06-04T00:26:48.000Z,https://universalis.app/market/1756
1758,Inferno Axe,La'hell Starfall,7019,1,2024-05-31T02:12:46.000Z,https://universalis.app/market/1758
1764,Iron Bill,Rikke Aurelias,5000,1,2024-06-04T20:47:21.000Z,https://universalis.app/market/1764
4856,Clove Oil,Bethov Thy,4500,1,2024-06-05T13:15:26.000Z,https://universalis.app/market/4856
5368,Yew Lumber,Galateia Starstrider,2002,3,2024-05-30T00:54:39.000Z,https://universalis.app/market/5368
1766,Thunderstorm Axe,Yiry Yearning,1031,1,2024-05-17T20:55:11.000Z,https://universalis.app/market/1766
5064,Silver Ingot,Scarlett Kami,5000,1,2024-06-10T02:12:47.000Z,https://universalis.app/market/5064
1769,Spiked Steel Labrys,R'ofl Mao,10000,1,2024-06-11T16:40:06.000Z,https://universalis.app/market/1769
1776,Steel Bardiche,Othello Sanchez,49990,1,2024-06-06T04:57:34.000Z,https://universalis.app/market/1776
5405,Yew Branch,Myi' Ke,2500,1,2024-05-23T14:54:30.000Z,https://universalis.app/market/5405
1778,Steel Bhuj,Tyran Zeal,50000,1,2024-05-28T20:04:10.000Z,https://universalis.app/market/1778
1781,Spiked Mythril Labrys,Bim Danglefield,25000,1,2024-05-26T03:46:57.000Z,https://universalis.app/market/1781
1786,Mythril Bhuj,Sevyn Varlineau,100075,1,2024-06-05T03:21:15.000Z,https://universalis.app/market/1786
1796,Buccaneer's Bardiche,Asch Fabre,49900,1,2024-05-16T05:16:50.000Z,https://universalis.app/market/1796
5414,Rosewood Branch,Serenity Rae,300,8,2024-05-18T15:55:03.000Z,https://universalis.app/market/5414
1800,Vintage Bill,Ur'ok Vesher,10000,1,2024-05-27T22:38:49.000Z,https://universalis.app/market/1800
1771,Notched Bill,U'nanami Hime,9699,1,2024-05-17T22:34:09.000Z,https://universalis.app/market/1771
1801,Demilune Bhuj,Rozushi Mistwalker,50000,1,2024-05-25T02:33:27.000Z,https://universalis.app/market/1801
5196,Jadeite,Shirojishi Suuuun,2500,1,2024-06-09T13:42:46.000Z,https://universalis.app/market/5196
1803,Spiked Cobalt Labrys,Bim Danglefield,30115,1,2024-05-31T22:23:36.000Z,https://universalis.app/market/1803
5376,Rosewood Lumber,Ra Zetzy,5000,1,2024-06-12T15:06:22.000Z,https://universalis.app/market/5376
1806,Giantsgall War Axe,Sinor Si,5000,1,2024-05-17T22:52:55.000Z,https://universalis.app/market/1806
7580,Mossy Stone Axe,Shakal Draconis,100,1,2024-05-22T22:00:21.000Z,https://universalis.app/market/7580
1810,Barbarian's Bardiche,Alec Holowka,89600,1,2024-05-19T10:33:29.000Z,https://universalis.app/market/1810
5566,Bloody Bardiche Head,Dinah Valero,10000,1,2024-05-23T04:26:56.000Z,https://universalis.app/market/5566
1813,Rampager,Molo Man,3165,1,2024-05-18T08:29:55.000Z,https://universalis.app/market/1813
5075,Darksteel Plate,Vanti Heart,6750,30,2024-05-28T17:11:16.000Z,https://universalis.app/market/5075
5572,Rampager Head,Petit Fours,2000,2,2024-05-18T06:10:36.000Z,https://universalis.app/market/5572
1820,Bone Harpoon,Rozushi Mistwalker,1000,1,2024-05-16T14:05:33.000Z,https://universalis.app/market/1820
5503,Animal Glue,Illidari Nightfall,350,4,2024-05-29T23:57:12.000Z,https://universalis.app/market/5503
1821,Bronze Spear,Jenyfael Astreia,2000,1,2024-05-23T21:30:32.000Z,https://universalis.app/market/1821
5482,Fish Oil,Bravo Kudryashova,1500,1,2024-06-02T04:07:13.000Z,https://universalis.app/market/5482
1822,Ramhorn Harpoon,Zee Roe,7,1,2024-05-18T20:07:26.000Z,https://universalis.app/market/1822
1823,Feathered Harpoon,Jilo Kica,14999,1,2024-05-25T18:02:41.000Z,https://universalis.app/market/1823
5352,Crow Feather,Khisma Sangue,1000,1,2024-06-06T06:49:50.000Z,https://universalis.app/market/5352
5433,Soiled Femur,Der Ito,150,11,2024-06-02T20:24:24.000Z,https://universalis.app/market/5433
1824,Brass Spear,Babs Bunnie,999,1,2024-05-20T01:37:10.000Z,https://universalis.app/market/1824
1825,Iron Spear,Soren Ganajai,2500,1,2024-05-25T16:18:38.000Z,https://universalis.app/market/1825
1827,Iron Lance,D- Wolf,24999,1,2024-05-24T23:24:39.000Z,https://universalis.app/market/1827
1833,Iron Guisarme,Jilo Kica,999,1,2024-05-23T15:37:26.000Z,https://universalis.app/market/1833
1836,Silver Battle Fork,Mitsuko Hayashi,7000,1,2024-05-28T03:14:49.000Z,https://universalis.app/market/1836
5484,Crab Oil,Zilla Bell,4999,1,2024-05-17T19:44:14.000Z,https://universalis.app/market/5484
1838,Steel Halberd,Oskii Smolcat,10000,1,2024-06-06T02:39:08.000Z,https://universalis.app/market/1838
1845,Steel Spear,Yuki Oda,15000,1,2024-06-03T01:35:05.000Z,https://universalis.app/market/1845
1847,Heavy Steel Lance,Vendev Raholan,10000,1,2024-05-27T18:54:32.000Z,https://universalis.app/market/1847
1850,Yarzonshell Harpoon,Mako Belnades,25000,1,2024-05-16T00:49:42.000Z,https://universalis.app/market/1850
5454,Yellow Yarzon Leg,Baka Onee-chan,195,1,2024-06-12T17:37:49.000Z,https://universalis.app/market/5454
1855,Mythril Lance,Ra Zetzy,20000,1,2024-05-26T20:11:32.000Z,https://universalis.app/market/1855
1862,Cobalt Halberd,Jenyfael Astreia,55555,1,2024-06-10T16:57:06.000Z,https://universalis.app/market/1862
1867,Cobalt Trident,Solomon Ravengarde,30000,1,2024-06-02T05:35:20.000Z,https://universalis.app/market/1867
5486,Shark Oil,Zelda Uesugi,7479,2,2024-05-30T03:51:55.000Z,https://universalis.app/market/5486
1871,Vintage Guisarme,Fran Dei-ijla,5900,1,2024-05-20T15:36:02.000Z,https://universalis.app/market/1871
9,Ice Crystal,Death Metal,192,79,2024-05-16T02:59:59.000Z,https://universalis.app/market/9
1840,Crooked Guisarme,Aurora Dragonlight,500,1,2024-06-05T19:16:00.000Z,https://universalis.app/market/1840
1872,Hart Guisarme,Dazaii Osamu,10000,1,2024-06-02T03:28:16.000Z,https://universalis.app/market/1872
1875,Giantsgall Trident,Zanfina Fancois,1799,1,2024-05-23T16:56:20.000Z,https://universalis.app/market/1875
7582,Mossy Stone Spear,Shakal Draconis,40,1,2024-05-22T22:00:29.000Z,https://universalis.app/market/7582
1879,Champion's Lance,Geno Aguki,90900,1,2024-05-16T20:55:45.000Z,https://universalis.app/market/1879
5565,Bloody Lance Head,Aurora Dragonlight,75000,1,2024-06-05T19:33:58.000Z,https://universalis.app/market/5565
1882,Obelisk,Druegin Pureheart,1265,1,2024-05-31T23:25:03.000Z,https://universalis.app/market/1882
5573,Obelisk Head,Didrianna Winterset,1990,2,2024-06-01T01:35:56.000Z,https://universalis.app/market/5573
1891,Maple Shortbow,Loyal Maid,24000,1,2024-05-19T20:09:01.000Z,https://universalis.app/market/1891
5333,Hempen Yarn,Vedalia Delisse,60000000,1,2024-05-18T03:45:00.000Z,https://universalis.app/market/5333
1892,Maple Longbow,Blipp Blopp,1500,1,2024-05-16T17:01:58.000Z,https://universalis.app/market/1892
5396,Maple Branch,Astriah Elciah,100,4,2024-06-05T01:36:13.000Z,https://universalis.app/market/5396
1893,Plumed Maple Shortbow,Svetozar Zlatasch,1111,1,2024-05-21T16:58:00.000Z,https://universalis.app/market/1893
5351,Cock Feather,Nyohri Viyashe,91,1,2024-05-17T16:51:28.000Z,https://universalis.app/market/5351
1894,Wrapped Maple Longbow,Smolgia Blaiid,2000,1,2024-05-27T04:44:55.000Z,https://universalis.app/market/1894
5402,Ash Branch,Orion Storm-chaser,1000,1,2024-06-08T19:45:19.000Z,https://universalis.app/market/5402
1895,Ash Shortbow,Solomon Ravengarde,100000,1,2024-06-02T01:50:12.000Z,https://universalis.app/market/1895
1897,Elm Longbow,Medori Tenosu,16000,1,2024-06-02T22:28:08.000Z,https://universalis.app/market/1897
5334,Cotton Yarn,N'erix Tia,675,2,2024-05-23T22:37:51.000Z,https://universalis.app/market/5334
1899,Elm Velocity Bow,Svetozar Zlatasch,10021,1,2024-05-21T19:53:54.000Z,https://universalis.app/market/1899
1905,Wrapped Elm Longbow,Matatabi Hayashi,4000,1,2024-05-26T04:04:23.000Z,https://universalis.app/market/1905
1908,Ash Composite Bow,Guy Mcgoon,15041,1,2024-05-27T04:57:00.000Z,https://universalis.app/market/1908
1915,Ash Cavalry Bow,Asano Rahl-majere,16000,1,2024-06-01T04:29:29.000Z,https://universalis.app/market/1915
5409,Oak Branch,Copper Vine,801,1,2024-05-17T03:08:52.000Z,https://universalis.app/market/5409
1917,Oak Longbow,Jenyfael Astreia,37666,1,2024-06-10T16:56:33.000Z,https://universalis.app/market/1917
5336,Linen Yarn,Tyetus Rygar,2000,1,2024-05-25T12:36:50.000Z,https://universalis.app/market/5336
1920,Mythril Cavalry Bow,Zenji Oni,30000,1,2024-05-29T00:23:06.000Z,https://universalis.app/market/1920
1925,Oak Composite Bow,Jenyfael Astreia,50900,1,2024-06-10T16:56:49.000Z,https://universalis.app/market/1925
1932,Cobalt Cavalry Bow,Thalia Arlinn,20000,1,2024-06-10T00:33:18.000Z,https://universalis.app/market/1932
1937,Yew Longbow,Jasper James,55555,1,2024-06-10T05:38:09.000Z,https://universalis.app/market/1937
1941,Vintage Bow,Celery Knees,5000,1,2024-05-17T01:23:06.000Z,https://universalis.app/market/1941
1942,Crab Bow,Lunelle Lavigne,60000,1,2024-06-05T03:07:06.000Z,https://universalis.app/market/1942
5462,Red Coral,Petiys Arulaq,100000,2,2024-05-18T07:24:20.000Z,https://universalis.app/market/5462
1945,Giantsgall Longbow,Dev Briknine,14991,1,2024-05-20T18:00:33.000Z,https://universalis.app/market/1945
7583,Mossy Stone Bow,Shakal Draconis,10,2,2024-05-22T22:00:36.000Z,https://universalis.app/market/7583
1949,Longarm's Composite Bow,Kaine Guilliman,99869,1,2024-05-28T17:26:55.000Z,https://universalis.app/market/1949
5568,Bloody Bow Rim,Ashlay Lightforged,2400,1,2024-05-21T22:12:23.000Z,https://universalis.app/market/5568
1953,Sarnga,Jocelynn Holbrook,5000,1,2024-05-18T03:05:01.000Z,https://universalis.app/market/1953
15,Ice Cluster,Izama Xenrut,90,5,2024-05-27T23:42:43.000Z,https://universalis.app/market/15
16,Wind Cluster,Halo Visio,159,999,2024-05-18T18:12:03.000Z,https://universalis.app/market/16
5574,Sarnga Limb,Chile Mango,2300,2,2024-06-12T15:59:45.000Z,https://universalis.app/market/5574
1958,Maple Wand,Ereg Ia,40004,1,2024-05-26T20:47:48.000Z,https://universalis.app/market/1958
6,Lightning Shard,Vixi Bairon,175,55,2024-05-24T22:07:19.000Z,https://universalis.app/market/6
7,Water Shard,Mix Wovenheart,150,100,2024-06-04T19:21:17.000Z,https://universalis.app/market/7
5470,Growth Formula Alpha,Elias Serperior,1000,1,2024-05-17T05:54:36.000Z,https://universalis.app/market/5470
1959,Whispering Maple Wand,Sir Shadycat,25000,1,2024-06-07T20:45:02.000Z,https://universalis.app/market/1959
1960,Budding Maple Wand,Mugen Rokujizo,11111,1,2024-06-09T00:25:23.000Z,https://universalis.app/market/1960
5492,Beastkin Blood,Xzar Lanyari,149,99,2024-05-21T09:57:29.000Z,https://universalis.app/market/5492
1961,Ash Wand,Gucci Mcswagger,12000,1,2024-05-17T01:02:20.000Z,https://universalis.app/market/1961
5471,Growth Formula Beta,Obi Tech,8000,1,2024-06-08T07:07:30.000Z,https://universalis.app/market/5471
1963,Budding Ash Wand,Minttu Tea,15000,1,2024-06-01T21:13:11.000Z,https://universalis.app/market/1963
1965,Whispering Ash Wand,Addalyde Whiskers,1000,1,2024-06-03T20:54:07.000Z,https://universalis.app/market/1965
5493,Scalekin Blood,Tina Tinker,1000,4,2024-05-21T17:15:06.000Z,https://universalis.app/market/5493
1967,Yew Wand,Eris Abaddon,10000,1,2024-05-24T16:33:13.000Z,https://universalis.app/market/1967
1969,Budding Yew Wand,Lady Satarel,59038,1,2024-05-27T02:29:58.000Z,https://universalis.app/market/1969
1971,Budding Oak Wand,Koznhevikova Teralind,50000,1,2024-05-19T23:51:43.000Z,https://universalis.app/market/1971
4603,Hi-Potion of Mind,Vele Eranoir,900,3,2024-05-25T21:57:16.000Z,https://universalis.app/market/4603
1974,Wand of Frost,Sir Pizz,59000,1,2024-05-24T19:18:44.000Z,https://universalis.app/market/1974
5199,Eye of Ice,Maester Guado,500,2,2024-05-23T06:07:11.000Z,https://universalis.app/market/5199
5472,Growth Formula Gamma,Tio Tot,18000,1,2024-05-31T20:14:47.000Z,https://universalis.app/market/5472
1976,Wand of Tremors,Eivana Zephyrine,80059,1,2024-05-19T06:00:09.000Z,https://universalis.app/market/1976
5201,Eye of Earth,Ragerin Stormwalker,1000,2,2024-05-28T00:16:18.000Z,https://universalis.app/market/5201
1978,Wand of Tides,Koznhevikova Teralind,50000,1,2024-05-20T20:03:17.000Z,https://universalis.app/market/1978
5203,Eye of Water,Tadano Hitonari,35500000,1,2024-06-05T16:34:56.000Z,https://universalis.app/market/5203
1981,Wand of Flames,Feliski Spaghettini,500,1,2024-05-23T18:57:33.000Z,https://universalis.app/market/1981
5198,Eye of Fire,Jun Tatsuya,14750,2,2024-05-25T05:35:33.000Z,https://universalis.app/market/5198
1983,Wand of Gales,Ray Pig,15000,1,2024-06-05T12:34:51.000Z,https://universalis.app/market/1983
5200,Eye of Wind,Maester Guado,900,2,2024-05-23T06:07:21.000Z,https://universalis.app/market/5200
1985,Wand of Storms,Ember Igneel,3049,1,2024-05-23T16:50:29.000Z,https://universalis.app/market/1985
5202,Eye of Lightning,Maester Guado,1000,1,2024-05-23T06:07:44.000Z,https://universalis.app/market/5202
1987,Budding Rosewood Wand,Lovely Bloodrose,55500,1,2024-05-20T02:12:56.000Z,https://universalis.app/market/1987
4608,Mega-Potion of Mind,Luna Lagos,5000,1,2024-05-27T23:57:18.000Z,https://universalis.app/market/4608
5494,Spoken Blood,Solomon Ravengarde,2000,10,2024-06-02T04:48:36.000Z,https://universalis.app/market/5494
1996,Maple Cane,Hezzhanth Domar,10000,1,2024-06-04T22:30:02.000Z,https://universalis.app/market/1996
1997,Maple Crook,Ruu Viirst,1500,1,2024-05-26T05:39:06.000Z,https://universalis.app/market/1997
1998,Ash Radical,Denebor Milasch,4444,1,2024-05-27T19:19:09.000Z,https://universalis.app/market/1998
2000,Elm Cane,Suki Rain,887,1,2024-06-09T01:14:54.000Z,https://universalis.app/market/2000
2002,Elm Crook,Momiji Hikaru,250,1,2024-05-23T18:01:11.000Z,https://universalis.app/market/2002
2004,Yew Radical,Fighting Cow,10000,1,2024-05-18T23:18:54.000Z,https://universalis.app/market/2004
2010,Pastoral Yew Cane,Lily Val,1073,1,2024-05-20T19:03:38.000Z,https://universalis.app/market/2010
2011,Yew Crook,Momiji Hikaru,3000,1,2024-05-23T18:01:33.000Z,https://universalis.app/market/2011
2015,Walnut Cane,Yerentai Haragin,29999,1,2024-05-19T03:43:06.000Z,https://universalis.app/market/2015
2021,Plumed Yew Crook,David Achiever,15000,1,2024-05-21T15:08:40.000Z,https://universalis.app/market/2021
2023,Oak Radical,J'atoha Ti,35000,1,2024-06-05T21:49:20.000Z,https://universalis.app/market/2023
2026,Pastoral Oak Cane,Yerentai Haragin,30000,1,2024-05-20T20:28:37.000Z,https://universalis.app/market/2026
2030,Sprouting Rosewood Radical,Yeren Atoel,11000,1,2024-05-16T14:41:46.000Z,https://universalis.app/market/2030
2039,Jade Crook,Zoro Hawkeye,55555,1,2024-06-04T23:52:19.000Z,https://universalis.app/market/2039
2041,Vintage Cane,Ragnark Lothbrok,35000,1,2024-05-19T11:37:05.000Z,https://universalis.app/market/2041
2044,Pastoral Mahogany Cane,Althea Kil'vin,3500,1,2024-05-23T19:55:56.000Z,https://universalis.app/market/2044
5335,Dew Thread,Eluna Lore,15000,2,2024-05-28T11:59:58.000Z,https://universalis.app/market/5335
2047,Tane Mahuta,Lovely Bloodrose,25000,1,2024-05-19T23:47:48.000Z,https://universalis.app/market/2047
5555,Ochu Vine,Ruan Silverleif,1094,1,2024-06-02T02:08:09.000Z,https://universalis.app/market/5555
2048,Giantsgall Cane,Arianna Siria,7900,1,2024-05-23T17:10:45.000Z,https://universalis.app/market/2048
7585,Mossy Stone Rod,Shakal Draconis,500,1,2024-05-22T22:00:55.000Z,https://universalis.app/market/7585
2049,Madman's Whispering Rod,Sir Karma,69500,1,2024-05-17T01:56:21.000Z,https://universalis.app/market/2049
12,Lightning Crystal,Agnys Arkwright,175,55,2024-05-26T17:57:57.000Z,https://universalis.app/market/12
13,Water Crystal,Serena Frost,175,55,2024-05-28T13:26:46.000Z,https://universalis.app/market/13
5473,Growth Formula Delta,Gil Garth,5001,1,2024-05-16T23:56:47.000Z,https://universalis.app/market/5473
5537,Thavnairian Mistletoe,Tio Tot,500,3,2024-05-31T19:05:32.000Z,https://universalis.app/market/5537
5547,Vampire Plant,Gil Garth,100,2,2024-05-16T23:56:08.000Z,https://universalis.app/market/5547
2051,Alkalurops,Splinter Ious,15899,1,2024-06-01T01:19:04.000Z,https://universalis.app/market/2051
5575,Suspended Trillium Flower,Didrianna Winterset,1500,2,2024-06-01T01:36:45.000Z,https://universalis.app/market/5575
2056,Bone Brand,Loyal Maid,20000,1,2024-05-19T20:09:42.000Z,https://universalis.app/market/2056
5197,Marbled Eye,Michael Zucreel,500,2,2024-05-28T04:15:58.000Z,https://universalis.app/market/5197
2057,Copper Scepter,Ace Wildfire,695,1,2024-06-09T22:58:20.000Z,https://universalis.app/market/2057
5062,Copper Ingot,Mugen Rokujizo,100,99,2024-06-08T18:24:00.000Z,https://universalis.app/market/5062
2058,Bronze Scepter,Diggie Bloodmoon,1000,1,2024-05-18T15:28:54.000Z,https://universalis.app/market/2058
2059,Brass Cudgel,Diggie Bloodmoon,5100,1,2024-06-08T22:29:13.000Z,https://universalis.app/market/2059
2061,Decorated Copper Scepter,Alden Ise,1000,1,2024-05-27T08:20:57.000Z,https://universalis.app/market/2061
5258,Ragstone Whetstone,Snowy Aurora,490,13,2024-05-28T15:56:55.000Z,https://universalis.app/market/5258
2063,Wind Brand,Map Lock,22000,1,2024-06-02T15:48:25.000Z,https://universalis.app/market/2063
2066,Ice Brand,Ranperre D'oraguille,3975,1,2024-06-07T04:51:47.000Z,https://universalis.app/market/2066
2069,Silver Scepter,Keni Tah,100,1,2024-05-19T19:23:14.000Z,https://universalis.app/market/2069
5527,Brimstone,Srinshee Wynd,2250,8,2024-05-16T02:07:13.000Z,https://universalis.app/market/5527
2071,Earth Brand,Kai Gestalt,48999,1,2024-06-03T16:38:41.000Z,https://universalis.app/market/2071
2076,Decorated Silver Scepter,Questra Djt-nong,9999,1,2024-05-27T00:39:55.000Z,https://universalis.app/market/2076
2078,Fire Brand,Io Saeoll,55555,1,2024-05-26T01:25:10.000Z,https://universalis.app/market/2078
2083,Lightning Brand,Asano Rahl-majere,5000,1,2024-06-01T20:51:21.000Z,https://universalis.app/market/2083
2088,Electrum Scepter,Shizuka Mikazuki,3899,1,2024-05-28T06:16:39.000Z,https://universalis.app/market/2088
5489,Quicksilver,Myi' Ke,4500,1,2024-05-28T02:18:34.000Z,https://universalis.app/market/5489
2093,Vintage Cudgel,Shizuka Mikazuki,5000,1,2024-05-22T03:57:13.000Z,https://universalis.app/market/2093
5092,Iron Rivets,Jasper James,1200,1,2024-06-10T04:33:44.000Z,https://universalis.app/market/5092
2094,Water Brand,Smolgia Blaiid,30000,1,2024-05-30T04:17:27.000Z,https://universalis.app/market/2094
2097,Jade Scepter,Sylvia Rawtonium,3000,1,2024-06-06T07:33:20.000Z,https://universalis.app/market/2097
5168,Jade,Toko Alouette,300,1,2024-06-07T05:41:46.000Z,https://universalis.app/market/5168
5439,Ogre Horn,Death Metal,50,10,2024-05-27T05:15:01.000Z,https://universalis.app/market/5439
2102,Sanguine Scepter,Hale Hawkward,95800,1,2024-05-17T06:01:33.000Z,https://universalis.app/market/2102
5206,Pinprick Pebble,Nana Yuuki,1500,1,2024-05-27T21:57:03.000Z,https://universalis.app/market/5206
2106,Bone Staff,Ludo Didymus,3995,1,2024-06-10T19:09:59.000Z,https://universalis.app/market/2106
2107,Ramhorn Staff,Rinko Rin,10000,1,2024-06-04T15:52:47.000Z,https://universalis.app/market/2107
2108,Decorated Bone Staff,Jilo Kica,3500,1,2024-05-23T20:14:33.000Z,https://universalis.app/market/2108
5442,Bat Fang,Eris Greyrat-nyan,377,1,2024-05-22T19:27:23.000Z,https://universalis.app/market/5442
2109,Toothed Ramhorn Staff,Y'estelle Serenity,19990,1,2024-06-08T16:18:50.000Z,https://universalis.app/market/2109
2111,Staghorn Staff,Kiwi Starlight,30000,1,2024-06-11T21:52:54.000Z,https://universalis.app/market/2111
2116,Sanguine Horn Staff,Jayk Jambalaya,2000,1,2024-05-19T16:17:44.000Z,https://universalis.app/market/2116
2118,Toothed Staghorn Staff,Reset Sunmoon,2995,1,2024-06-03T03:53:58.000Z,https://universalis.app/market/2118
2121,Goathorn Staff,Relo Augna,60000,1,2024-06-04T11:33:33.000Z,https://universalis.app/market/2121
2123,Toothed Goathorn Staff,Rhaegar Black,48999,1,2024-06-04T21:30:11.000Z,https://universalis.app/market/2123
2125,Horn Staff,Toji Taisho,44443,1,2024-06-11T18:51:10.000Z,https://universalis.app/market/2125
2130,Black Horn Staff,Kittu Alustar,50000,1,2024-05-25T18:35:28.000Z,https://universalis.app/market/2130
2133,Ivory Staff,Corrymys Lorien,20000,1,2024-05-24T15:38:11.000Z,https://universalis.app/market/2133
2136,Giantsgall Longstaff,Akane Kaijin,3440,1,2024-06-05T22:07:45.000Z,https://universalis.app/market/2136
7584,Mossy Stone Staff,Shakal Draconis,398,1,2024-05-22T22:00:51.000Z,https://universalis.app/market/7584
2139,Astrolabe,Tyon Allenmoore,1800,1,2024-05-28T05:14:49.000Z,https://universalis.app/market/2139
5576,Astrolabe Clinometer,Cedrik Winterbane,2000,1,2024-06-05T01:59:51.000Z,https://universalis.app/market/5576
2143,Leather Grimoire,Glen Kaeru,10000,1,2024-06-04T06:47:20.000Z,https://universalis.app/market/2143
5380,Maple Log,Dukino Lunam,1000,15,2024-06-09T21:07:52.000Z,https://universalis.app/market/5380
5475,Enchanted Copper Ink,Aeryn Morningstar,20,99,2024-05-19T20:40:22.000Z,https://universalis.app/market/5475
2144,Maple Picatrix,Nagi Raha,10000,1,2024-06-05T21:00:40.000Z,https://universalis.app/market/2144
2145,Engraved Leather Grimoire,Ameline Vendhen,9999,1,2024-06-07T12:01:34.000Z,https://universalis.app/market/2145
5383,Ash Log,Nyx Sularn,3001,4,2024-05-27T16:45:00.000Z,https://universalis.app/market/5383
2146,Ash Picatrix,Aeras Tempestas,10000,1,2024-06-02T07:28:00.000Z,https://universalis.app/market/2146
2147,Hard Leather Grimoire,Hazkura Oshidari,15000,1,2024-06-06T20:45:06.000Z,https://universalis.app/market/2147
5385,Elm Log,Astriah Elciah,800,1,2024-06-05T00:42:45.000Z,https://universalis.app/market/5385
5476,Enchanted Iron Ink,Clarence Astralis,220,1,2024-05-16T23:11:39.000Z,https://universalis.app/market/5476
2149,Engraved Hard Leather Grimoire,Aeras Tempestas,24995,1,2024-06-12T06:18:59.000Z,https://universalis.app/market/2149
5386,Yew Log,Limit Farron,1000,20,2024-06-06T05:00:32.000Z,https://universalis.app/market/5386
2151,Yew Picatrix,Karly Swift,10000,1,2024-06-08T20:05:54.000Z,https://universalis.app/market/2151
2156,Goatskin Grimoire,Zenji Oni,20000,1,2024-05-29T00:24:21.000Z,https://universalis.app/market/2156
5477,Enchanted Silver Ink,Skarlette Shepard,200002,2,2024-06-10T12:28:22.000Z,https://universalis.app/market/5477
2160,Engraved Goatskin Grimoire,Noelle Veviere,7000,1,2024-06-06T01:23:49.000Z,https://universalis.app/market/2160
5388,Walnut Log,Ume Zakuro,800,1,2024-05-17T06:44:00.000Z,https://universalis.app/market/5388
2166,Book of Silver,Sizu Raha,30000,1,2024-06-03T22:28:45.000Z,https://universalis.app/market/2166
5390,Oak Log,Aurora Dragonlight,1000,2,2024-06-03T02:50:43.000Z,https://universalis.app/market/5390
2169,Embossed Book of Silver,Yiska Lattea,50000,1,2024-06-05T19:22:55.000Z,https://universalis.app/market/2169
2174,Book of Mythril,Valeria Fallingstar,20084,1,2024-05-29T02:50:25.000Z,https://universalis.app/market/2174
5346,Flax,Euphoria Mugi,410,36,2024-05-29T23:27:31.000Z,https://universalis.app/market/5346
5478,Enchanted Mythril Ink,Grimmjak Jaegerjaquez,1000,5,2024-06-04T21:52:34.000Z,https://universalis.app/market/5478
2184,Vintage Picatrix,Svetozar Zlatasch,19999,1,2024-05-20T15:18:16.000Z,https://universalis.app/market/2184
2158,Brittle Picatrix,Aki Musa,12000,1,2024-05-19T13:07:44.000Z,https://universalis.app/market/2158
2185,Book of Electrum,Meii Meii,5000,1,2024-05-29T17:36:38.000Z,https://universalis.app/market/2185
5337,Woolen Yarn,Leifa Valun'te,5000,1,2024-05-19T13:53:06.000Z,https://universalis.app/market/5337
5393,Rosewood Log,Solomon Ravengarde,600,20,2024-06-02T03:44:08.000Z,https://universalis.app/market/5393
5479,Enchanted Electrum Ink,Ratsel Clause,739,1,2024-06-06T01:09:34.000Z,https://universalis.app/market/5479
2189,Embossed Book of Electrum,Nayomi Demons,6500,1,2024-05-20T01:23:09.000Z,https://universalis.app/market/2189
2193,Cantamina Thavnaria,Ren Ra-ra-ra,6345,1,2024-05-20T12:04:53.000Z,https://universalis.app/market/2193
5481,Enchanted Rose Gold Ink,Yoshii Piere,2498,2,2024-05-25T23:02:58.000Z,https://universalis.app/market/5481
7586,Weathered Tome,Dreamy Kins,19,1,2024-05-30T14:59:49.000Z,https://universalis.app/market/7586
2194,Medica Thavnaria,Horchata Terracota,2874,1,2024-05-27T22:19:40.000Z,https://universalis.app/market/2194
7587,Faded Tome,Shakal Draconis,10,1,2024-05-22T21:58:50.000Z,https://universalis.app/market/7587
2201,Erudite's Picatrix of Healing,Eugenio Vitanza,73800,1,2024-06-01T19:27:35.000Z,https://universalis.app/market/2201
5480,Enchanted Gold Ink,Tali Ashwood,2990,1,2024-06-06T01:56:05.000Z,https://universalis.app/market/5480
5569,Bloody Grimoire Binding,Aoie Ta'dawen,4000,1,2024-05-18T17:44:06.000Z,https://universalis.app/market/5569
2202,Erudite's Picatrix of Casting,Yuki Hanabi,84000,1,2024-05-19T23:29:34.000Z,https://universalis.app/market/2202
2211,Deus Ex Verbis,Aerie Rhei,2000,1,2024-05-19T06:18:44.000Z,https://universalis.app/market/2211
5338,Silk Thread,Chi Hikari,4000,2,2024-05-27T22:59:04.000Z,https://universalis.app/market/5338
2212,Deus Ex Gratia,Druegin Pureheart,3999,1,2024-05-31T23:26:51.000Z,https://universalis.app/market/2212
2219,Square Maple Shield,Aurelion Seibur,7000,1,2024-06-03T01:11:43.000Z,https://universalis.app/market/2219
5091,Bronze Rivets,Solomon Ravengarde,480,99,2024-05-25T22:40:05.000Z,https://universalis.app/market/5091
12524,Titanium Nugget,Mama Gunji,9999,4,2024-06-10T05:43:24.000Z,https://universalis.app/market/12524
12529,Titanium Rivets,Saint Mephistopheles,15000,2,2024-06-09T23:16:26.000Z,https://universalis.app/market/12529
12658,Dusk Leather,Nymuru Vee,421999,1,2024-05-17T23:43:29.000Z,https://universalis.app/market/12658
2226,Bronze Hoplon,Akimitsu Myojo,10000,1,2024-05-28T21:54:44.000Z,https://universalis.app/market/2226
5071,Bronze Plate,Asya Yuki,4000,2,2024-05-20T06:57:50.000Z,https://universalis.app/market/5071
2228,Round Shield,Krael Duskfeather,2500,1,2024-05-19T14:25:14.000Z,https://universalis.app/market/2228
2229,Leather Targe,Mr Aliazium,388,1,2024-06-05T20:39:53.000Z,https://universalis.app/market/2229
2230,Bronze Scutum,Vash Knights,1500,1,2024-05-31T06:13:01.000Z,https://universalis.app/market/2230
2231,Bronze Buckler,Yoyoto Yoto,25000,1,2024-05-31T09:24:31.000Z,https://universalis.app/market/2231
2233,Square Ash Shield,Lianji Sanshi,71400000,1,2024-05-26T02:38:50.000Z,https://universalis.app/market/2233
2236,Iron Hoplon,D- Wolf,25000,1,2024-05-24T23:36:12.000Z,https://universalis.app/market/2236
2238,Vintage Square Shield,Shizuka Mikazuki,8000,1,2024-05-22T03:57:38.000Z,https://universalis.app/market/2238
2224,Worm-eaten Square Shield,Aurora Dragonlight,10000,1,2024-06-04T20:33:34.000Z,https://universalis.app/market/2224
4859,Cider Vinegar,Joyous Uwu,900,5,2024-06-12T03:14:21.000Z,https://universalis.app/market/4859
2239,Ironclad Bronze Buckler,Vivien Ambrose,5000,1,2024-06-02T18:34:31.000Z,https://universalis.app/market/2239
2241,Iron Lantern Shield,Neb Kupo,5000,1,2024-05-30T14:59:39.000Z,https://universalis.app/market/2241
5998,Tallow Candle,Nishiya Minori,2000000,1,2024-06-07T16:35:49.000Z,https://universalis.app/market/5998
2242,Iron Scutum,Nawdie D'fun,9997,1,2024-05-20T22:42:58.000Z,https://universalis.app/market/2242
2244,Vintage Hoplon,Riya Myu,20000,1,2024-05-24T20:26:04.000Z,https://universalis.app/market/2244
2246,Viper-crested Round Shield,Raging Owl,2011,1,2024-05-29T16:56:27.000Z,https://universalis.app/market/2246
2248,Iron Kite Shield,Bim Danglefield,10000,1,2024-06-02T20:34:30.000Z,https://universalis.app/market/2248
2250,Goatskin Targe,Chadelico Nightrune,7000,1,2024-05-26T16:49:21.000Z,https://universalis.app/market/2250
5093,Steel Rivets,Xena Inadova,4999,1,2024-05-19T00:01:44.000Z,https://universalis.app/market/5093
2257,Bull Hoplon,Zypher Mountain,10000,1,2024-06-04T13:21:27.000Z,https://universalis.app/market/2257
2260,Decorated Buckler,Hald Wyda,4500,1,2024-05-26T23:44:10.000Z,https://universalis.app/market/2260
2262,Decorated Iron Scutum,Meowsker Asche,4999,1,2024-05-23T06:07:43.000Z,https://universalis.app/market/2262
2264,Vintage Buckler,William Karasin,1033,1,2024-05-23T04:37:18.000Z,https://universalis.app/market/2264
2268,Bladed Lantern Shield,Yue Atoel,12000,1,2024-05-16T20:04:59.000Z,https://universalis.app/market/2268
2270,Raptorskin Targe,Asrael Galan,44000,1,2024-06-05T05:18:06.000Z,https://universalis.app/market/2270
5099,Mythril Rivets,Booty Jones,2500,72,2024-06-12T02:54:55.000Z,https://universalis.app/market/5099
2278,Vintage Scutum,Vash Knights,60000,1,2024-06-03T21:01:28.000Z,https://universalis.app/market/2278
2232,Rusting Scutum,Verity Valen,17776,1,2024-05-21T02:53:36.000Z,https://universalis.app/market/2232
5094,Cobalt Rivets,Miki Chinen,3000,1,2024-05-28T06:43:12.000Z,https://universalis.app/market/5094
2287,Eagle-crested Round Shield,Amarante Namikaze,20000,1,2024-05-28T00:03:49.000Z,https://universalis.app/market/2287
2289,Vintage Round Shield,Velyseleta Sturmdahl,7776,1,2024-05-30T18:53:16.000Z,https://universalis.app/market/2289
2237,Rotting Round Shield,Captain Madison,2500,1,2024-06-02T17:23:30.000Z,https://universalis.app/market/2237
5228,Ragstone,Sparkle Bomb,101,99,2024-06-10T21:53:31.000Z,https://universalis.app/market/5228
5517,Lanolin,Aryenna Milane,500,2,2024-05-24T22:58:55.000Z,https://universalis.app/market/5517
2294,Kite Shield,Kitteh Darwin,9999,1,2024-05-23T20:12:08.000Z,https://universalis.app/market/2294
2296,Cobalt Bladed Lantern Shield,Kittu Alustar,48000,1,2024-05-25T18:34:59.000Z,https://universalis.app/market/2296
2298,Oxblood Targe,Harriet Montgomery,40000,1,2024-05-18T20:59:31.000Z,https://universalis.app/market/2298
2300,Vintage Kite Shield,Stormey Dragon,25000,1,2024-06-10T08:17:14.000Z,https://universalis.app/market/2300
2259,Scarred Kite Shield,Marick Clive,5500,1,2024-05-16T18:36:34.000Z,https://universalis.app/market/2259
2302,Darksteel Scutum,Vash Knights,3100,1,2024-06-10T01:17:48.000Z,https://universalis.app/market/2302
5060,Darksteel Ingot,Amber Satinlace,9990,26,2024-06-11T16:27:29.000Z,https://universalis.app/market/5060
5095,Darksteel Rivets,Cassie Aeri,5000,99,2024-05-26T17:22:15.000Z,https://universalis.app/market/5095
2303,Darksteel Buckler,Woodrow Call,3054,1,2024-06-10T09:33:36.000Z,https://universalis.app/market/2303
2304,Spruce Round Shield,Sir Karma,2945,1,2024-05-25T21:49:13.000Z,https://universalis.app/market/2304
5379,Treated Spruce Lumber,Dumb Idiot-stupid,45000,1,2024-06-05T21:55:30.000Z,https://universalis.app/market/5379
2315,Bronze Saw,Felix Abberderis,700,1,2024-06-10T23:55:02.000Z,https://universalis.app/market/2315
2316,Amateur's Saw,Blueberry Crumble,1001,1,2024-06-10T13:09:22.000Z,https://universalis.app/market/2316
2317,Chocobotail Saw,Lemyon Aran,214,1,2024-05-27T19:36:30.000Z,https://universalis.app/market/2317
2318,Initiate's Saw,Sasaki Duibhne,10000,1,2024-06-12T08:39:02.000Z,https://universalis.app/market/2318
2319,Bas-relief Iron Saw,Elphelt Bellarose,16000,1,2024-05-31T06:14:00.000Z,https://universalis.app/market/2319
2320,Iron Chocobotail Saw,Ruu Viirst,2041,1,2024-06-09T23:58:56.000Z,https://universalis.app/market/2320
2321,Bas-relief Steel Saw,Meteor Stars,7500,1,2024-05-28T23:07:49.000Z,https://universalis.app/market/2321
2322,Crosscut Saw,Aya Valerius,799,1,2024-06-05T08:38:00.000Z,https://universalis.app/market/2322
2323,Mythril Saw,Ra Zetzy,25000,1,2024-05-30T17:47:28.000Z,https://universalis.app/market/2323
2324,Mythril Chocobotail Saw,Rina Viras,4500,1,2024-05-18T02:12:08.000Z,https://universalis.app/market/2324
2325,Bas-relief Cobalt Saw,Kittu Alustar,30110,1,2024-06-01T20:47:46.000Z,https://universalis.app/market/2325
2328,Amateur's Claw Hammer,Salsa Mai,995,1,2024-05-23T00:37:00.000Z,https://universalis.app/market/2328
2329,Bronze Claw Hammer,Strawberry Waffle,1001,1,2024-06-10T12:32:23.000Z,https://universalis.app/market/2329
2331,Iron Claw Hammer,Judge Judy,7999,1,2024-05-19T04:01:22.000Z,https://universalis.app/market/2331
5483,Jellyfish Humours,Illidari Nightfall,3002,2,2024-05-30T00:41:15.000Z,https://universalis.app/market/5483
2332,Initiate's Claw Hammer,Rorobin Fishy,5529,1,2024-05-31T22:41:09.000Z,https://universalis.app/market/2332
2334,Steel Claw Hammer,Tiro Finale,28753,1,2024-06-02T22:58:07.000Z,https://universalis.app/market/2334
2335,Wrapped Steel Claw Hammer,Jesrael Brynhildwyn,50000,1,2024-05-19T03:02:06.000Z,https://universalis.app/market/2335
5485,Linseed Oil,Etan Yutan,5749,1,2024-06-07T11:14:16.000Z,https://universalis.app/market/5485
2337,Mythril Claw Hammer,Nayomi Demons,4980,1,2024-05-23T20:14:17.000Z,https://universalis.app/market/2337
2338,Cobalt Claw Hammer,Zenji Oni,50000,1,2024-05-31T00:31:56.000Z,https://universalis.app/market/2338
2339,Militia Claw Hammer,Salsa Mai,54988,1,2024-05-23T01:48:44.000Z,https://universalis.app/market/2339
2341,Bronze Cross-pein Hammer,Bubby Cat,9999,1,2024-06-04T01:01:04.000Z,https://universalis.app/market/2341
2342,Amateur's Cross-pein Hammer,K'lyhhia Denna,8900,1,2024-05-21T04:58:49.000Z,https://universalis.app/market/2342
2343,Birdsbeak Hammer,Amenie Gamma,799,1,2024-05-30T23:11:57.000Z,https://universalis.app/market/2343
5325,Undyed Cotton Cloth,Smolgia Blaiid,1796,1,2024-05-25T07:37:20.000Z,https://universalis.app/market/5325
2344,Iron Cross-pein Hammer,Zoro Hawkeye,21000,1,2024-06-05T17:42:03.000Z,https://universalis.app/market/2344
2345,Initiate's Cross-pein Hammer,Mike John,10000,1,2024-06-04T02:02:43.000Z,https://universalis.app/market/2345
2346,Crowsbeak Hammer,Bonnie Mcmurray,19000,1,2024-05-28T07:41:22.000Z,https://universalis.app/market/2346
2347,Heavy Crowsbeak Hammer,Gia Gee,250,1,2024-05-24T02:50:10.000Z,https://universalis.app/market/2347
2348,Steel Cross-pein Hammer,Ralcesh Vo'rei,3557,1,2024-06-09T00:29:21.000Z,https://universalis.app/market/2348
5326,Undyed Velveteen,Kaiden Khan,3902,4,2024-06-12T05:21:52.000Z,https://universalis.app/market/5326
2349,Steel Crowsbeak Hammer,Scoobus Big-ears,15000,1,2024-05-26T15:28:32.000Z,https://universalis.app/market/2349
2350,Wrapped Crowsbeak Hammer,Distraught Koala,55555,1,2024-06-08T20:32:35.000Z,https://universalis.app/market/2350
2351,Cobalt Cross-pein Hammer,Aya Nailo,66666,1,2024-06-10T13:09:16.000Z,https://universalis.app/market/2351
2352,Wrapped Hawksbeak Hammer,Post Halone,20000,1,2024-05-31T20:47:16.000Z,https://universalis.app/market/2352
2355,Amateur's File,Loyal Maid,800,1,2024-05-19T05:17:51.000Z,https://universalis.app/market/2355
2356,Bronze File,Mana Dejiki,500,1,2024-05-26T01:37:47.000Z,https://universalis.app/market/2356
2358,Iron File,Bubby Cat,5000,1,2024-06-04T01:43:16.000Z,https://universalis.app/market/2358
2359,Initiate's File,Quelynn Dowry,5000,1,2024-05-23T16:10:49.000Z,https://universalis.app/market/2359
2361,Steel File,Neko Des,1753,1,2024-05-19T00:59:19.000Z,https://universalis.app/market/2361
2363,Mythril File,K'lyhhia Denna,18495,1,2024-05-27T02:15:41.000Z,https://universalis.app/market/2363
2364,Cobalt File,Aldrian Streiss,39999,1,2024-05-30T04:37:58.000Z,https://universalis.app/market/2364
2365,Militia File,Aya Nailo,22500,1,2024-06-10T13:08:56.000Z,https://universalis.app/market/2365
2367,Bronze Doming Hammer,Sage Umbra,500,1,2024-06-12T00:22:37.000Z,https://universalis.app/market/2367
2368,Amateur's Doming Hammer,Oro Nea,200,1,2024-05-18T02:49:08.000Z,https://universalis.app/market/2368
2369,Bronze Raising Hammer,Mugen Rokujizo,3499,1,2024-06-08T18:34:40.000Z,https://universalis.app/market/2369
2370,Iron Doming Hammer,Akasha Purrana,2999,1,2024-06-11T14:21:31.000Z,https://universalis.app/market/2370
2371,Initiate's Doming Hammer,Relic Noir,8021,1,2024-05-29T06:56:33.000Z,https://universalis.app/market/2371
2372,Iron Raising Hammer,Miana Himeko,10026,1,2024-05-16T16:52:53.000Z,https://universalis.app/market/2372
2373,Wrapped Iron Raising Hammer,Salsa Mai,9999,1,2024-05-21T02:52:34.000Z,https://universalis.app/market/2373
2374,Steel Doming Hammer,Urha Blanc,3000,1,2024-06-09T18:30:24.000Z,https://universalis.app/market/2374
2375,Steel Raising Hammer,Smolgia Blaiid,19999,1,2024-05-25T07:08:27.000Z,https://universalis.app/market/2375
2376,Cobalt Doming Hammer,C'ilahri Cottol,4999,1,2024-05-25T02:12:25.000Z,https://universalis.app/market/2376
2377,Cobalt Raising Hammer,Sakura Aoyagi,43000,1,2024-05-21T23:13:12.000Z,https://universalis.app/market/2377
2380,Amateur's Pliers,Catboy Bottoms,9995,1,2024-06-02T20:47:45.000Z,https://universalis.app/market/2380
2381,Bronze Pliers,Oro Nea,709,1,2024-05-18T02:49:11.000Z,https://universalis.app/market/2381
2383,Iron Pliers,Bonnie Mcmurray,10000,1,2024-05-16T20:47:05.000Z,https://universalis.app/market/2383
2384,Initiate's Pliers,Morgan Grayswandir,3500,1,2024-06-06T00:04:02.000Z,https://universalis.app/market/2384
2386,Steel Pliers,Mako Belnades,59859,1,2024-05-17T08:47:29.000Z,https://universalis.app/market/2386
2388,Mythril Pliers,Aldren Aznable,79083,1,2024-05-21T22:07:53.000Z,https://universalis.app/market/2388
2389,Cobalt Pliers,Deviant Famfram,50000,1,2024-05-31T13:42:01.000Z,https://universalis.app/market/2389
2390,Militia Pliers,Zumie Kudeken,20000,1,2024-05-25T22:29:25.000Z,https://universalis.app/market/2390
2392,Bronze Chaser Hammer,Fish Person,304,1,2024-06-03T01:06:38.000Z,https://universalis.app/market/2392
2394,Bronze Ornamental Hammer,Snowy Aurora,300,1,2024-05-28T15:45:24.000Z,https://universalis.app/market/2394
2395,Iron Chaser Hammer,Jenyfael Astreia,719,1,2024-05-27T13:17:12.000Z,https://universalis.app/market/2395
2396,Initiate's Chaser Hammer,Relic Noir,4000,1,2024-05-29T06:57:32.000Z,https://universalis.app/market/2396
2397,Iron Ornamental Hammer,Rabid Pringles,40029,1,2024-05-25T20:17:47.000Z,https://universalis.app/market/2397
2398,Steel Chaser Hammer,Snowy Aurora,2000,1,2024-05-31T20:39:44.000Z,https://universalis.app/market/2398
2399,Steel Ornamental Hammer,Amenie Gamma,299,1,2024-06-02T14:15:00.000Z,https://universalis.app/market/2399
2400,Mythril Ornamental Hammer,Kaeda Destrian,35000,1,2024-06-05T16:39:36.000Z,https://universalis.app/market/2400
2401,Mythril Lapidary Hammer,Aya Nailo,6996,1,2024-06-10T13:10:10.000Z,https://universalis.app/market/2401
2402,Electrum Lapidary Hammer,Salsa Mai,40000,1,2024-05-24T23:06:49.000Z,https://universalis.app/market/2402
5183,Tourmaline,Cattak Bherg,9500,2,2024-06-05T18:39:39.000Z,https://universalis.app/market/5183
2405,Amateur's Grinding Wheel,Deadwood Deadwood,3,1,2024-05-26T03:47:50.000Z,https://universalis.app/market/2405
2406,Ragstone Grinding Wheel,Miller Star,999,1,2024-05-31T07:55:48.000Z,https://universalis.app/market/2406
2408,Mudstone Grinding Wheel,Sasaki Duibhne,5000,1,2024-06-12T08:40:08.000Z,https://universalis.app/market/2408
5229,Mudstone,Michiru Rintaro,261,2,2024-06-09T16:02:19.000Z,https://universalis.app/market/5229
2409,Initiate's Grinding Wheel,Rinko Rin,10000,1,2024-06-08T15:30:18.000Z,https://universalis.app/market/2409
2411,Siltstone Grinding Wheel,Bim Danglefield,19696,1,2024-05-22T23:46:12.000Z,https://universalis.app/market/2411
5231,Siltstone,Tio Tot,300,81,2024-05-31T20:14:57.000Z,https://universalis.app/market/5231
2413,Garnet Grinding Wheel,Vajra Venjas,39999,1,2024-06-05T06:05:56.000Z,https://universalis.app/market/2413
5134,Raw Garnet,Zilla Bell,450,30,2024-05-17T14:30:30.000Z,https://universalis.app/market/5134
2414,Basilisk Grinding Wheel,Missy Cayden,15000,1,2024-05-23T04:46:39.000Z,https://universalis.app/market/2414
5263,Basilisk Egg,Spugnor Moonbeam,904,6,2024-06-10T23:50:21.000Z,https://universalis.app/market/5263
2415,Militia Grinding Wheel,Celeste Deluce,24990,1,2024-05-23T01:43:57.000Z,https://universalis.app/market/2415
5158,Astral Rock,Sunshine Lotus,397,6,2024-05-24T05:23:56.000Z,https://universalis.app/market/5158
2417,Bronze Head Knife,Tinthel Raithrien,11740,1,2024-06-03T14:47:08.000Z,https://universalis.app/market/2417
2418,Amateur's Head Knife,Luna Ignosi,17909,1,2024-05-26T14:19:51.000Z,https://universalis.app/market/2418
2419,Brass Head Knife,Amenie Gamma,14999,1,2024-05-30T01:03:57.000Z,https://universalis.app/market/2419
2420,Initiate's Head Knife,Relic Noir,11018,1,2024-05-29T06:57:11.000Z,https://universalis.app/market/2420
2421,Iron Round Knife,Avory Bernkastel,10000,1,2024-06-05T02:13:25.000Z,https://universalis.app/market/2421
2422,Iron Head Knife,Helmiknok Dadestoryer,3041,1,2024-05-17T22:26:17.000Z,https://universalis.app/market/2422
2423,Silver Head Knife,Meteor Graves,1800,1,2024-05-26T07:11:42.000Z,https://universalis.app/market/2423
2424,Steel Round Knife,Ruma Brat,8500,1,2024-05-18T22:01:49.000Z,https://universalis.app/market/2424
2425,Mythril Head Knife,Dandy Lyon,37000,1,2024-06-05T05:38:54.000Z,https://universalis.app/market/2425
2426,Mythril Round Knife,Kittu Alustar,30000,1,2024-05-31T22:04:01.000Z,https://universalis.app/market/2426
2427,Electrum Head Knife,K'ali Loweherz,30000,1,2024-05-24T01:22:36.000Z,https://universalis.app/market/2427
2430,Amateur's Awl,Henrayyyyy Andven,2005,1,2024-06-04T23:10:39.000Z,https://universalis.app/market/2430
2431,Bronze Awl,Amenie Gamma,2000,1,2024-05-28T03:11:27.000Z,https://universalis.app/market/2431
2433,Iron Awl,Bonnie Mcmurray,4000,1,2024-05-17T06:25:55.000Z,https://universalis.app/market/2433
2434,Initiate's Awl,Jenyfael Astreia,5000,1,2024-05-27T20:30:28.000Z,https://universalis.app/market/2434
2436,Steel Awl,Krael Duskfeather,50048,1,2024-05-19T14:27:11.000Z,https://universalis.app/market/2436
2437,Wrapped Steel Awl,Gus Chiggins,50000,1,2024-05-22T03:47:57.000Z,https://universalis.app/market/2437
2439,Mythril Awl,Raijin Kata,34999,1,2024-06-08T16:54:17.000Z,https://universalis.app/market/2439
2440,Cobalt Awl,Mako Belnades,60107,1,2024-05-27T14:43:16.000Z,https://universalis.app/market/2440
2441,Militia Awl,K'ali Loweherz,34987,1,2024-05-24T01:22:24.000Z,https://universalis.app/market/2441
2443,Copper Needle,Aeras Tempestas,1500,1,2024-06-07T23:38:07.000Z,https://universalis.app/market/2443
2444,Bat Fang Needle,Smolgia Blaiid,5000,1,2024-05-25T07:36:16.000Z,https://universalis.app/market/2444
2445,Amateur's Needle,Zenji Oni,900,1,2024-05-19T23:58:54.000Z,https://universalis.app/market/2445
2446,Brass Needle,Rakuyo Obinata,5000,1,2024-06-12T05:40:44.000Z,https://universalis.app/market/2446
2447,Initiate's Needle,Zumie Kudeken,95029,1,2024-05-27T08:06:20.000Z,https://universalis.app/market/2447
2448,Silver Needle,Valeria Richards,10000,1,2024-06-10T23:50:22.000Z,https://universalis.app/market/2448
2449,Worm Fang Needle,Nell Higgins,10000,1,2024-05-18T15:52:32.000Z,https://universalis.app/market/2449
5447,Sandworm Fang,Jenny Thalia,750,1,2024-05-21T14:45:15.000Z,https://universalis.app/market/5447
2450,Mythril Needle,Ra Zetzy,10000,1,2024-05-28T05:13:14.000Z,https://universalis.app/market/2450
2451,Wolf Fang Needle,Y'dyalani Aba,14900,1,2024-06-06T07:22:13.000Z,https://universalis.app/market/2451
2452,Thousand Needle,Chadelico Nightrune,19985,1,2024-05-17T23:09:47.000Z,https://universalis.app/market/2452
5468,Cactuar Needle,Target Dummie,999,1,2024-05-24T00:03:12.000Z,https://universalis.app/market/5468
2453,Electrum Needle,Liz Zerd,25000,1,2024-06-10T18:39:08.000Z,https://universalis.app/market/2453
2456,Amateur's Spinning Wheel,Ereg Ia,1500,1,2024-05-27T22:50:02.000Z,https://universalis.app/market/2456
2457,Ash Spinning Wheel,Mio Amakura,295,1,2024-05-20T09:28:29.000Z,https://universalis.app/market/2457
2459,Initiate's Spinning Wheel,Booger Eater,5000,1,2024-06-09T00:02:28.000Z,https://universalis.app/market/2459
2460,Elm Spinning Wheel,Valeria Richards,10026,1,2024-06-10T23:50:27.000Z,https://universalis.app/market/2460
2462,Walnut Spinning Wheel,Krael Duskfeather,10001,1,2024-05-19T14:26:42.000Z,https://universalis.app/market/2462
2464,Mahogany Spinning Wheel,Gazyn Mazyn,20000,1,2024-05-23T20:12:57.000Z,https://universalis.app/market/2464
2465,Rosewood Spinning Wheel,Shiro Two,20000,1,2024-05-26T19:34:57.000Z,https://universalis.app/market/2465
2466,Militia Spinning Wheel,Vebvi'vi Di'vici,30000,1,2024-05-24T16:30:54.000Z,https://universalis.app/market/2466
2468,Bronze Alembic,Akasha Purrana,99999,1,2024-05-25T20:30:22.000Z,https://universalis.app/market/2468
2469,Amateur's Alembic,Salsa Mai,1150,1,2024-05-16T06:07:05.000Z,https://universalis.app/market/2469
2470,Brass Alembic,Bim Danglefield,4999,1,2024-05-18T20:31:47.000Z,https://universalis.app/market/2470
2471,Initiate's Alembic,Pillow Thug,10018,1,2024-06-04T04:36:36.000Z,https://universalis.app/market/2471
2472,Iron Alembic,Salsa Mai,8026,1,2024-05-27T01:45:45.000Z,https://universalis.app/market/2472
2473,Conical Alembic,Ralcesh Vo'rei,9000,1,2024-06-09T00:30:45.000Z,https://universalis.app/market/2473
2474,Steel Alembic,Nagi Raha,6500,1,2024-06-09T05:20:32.000Z,https://universalis.app/market/2474
2475,Silver Alembic,Nizotro Orellian,18000,1,2024-05-25T17:45:41.000Z,https://universalis.app/market/2475
2476,Mythril Alembic,Bonnie Mcmurray,48994,1,2024-05-18T07:27:46.000Z,https://universalis.app/market/2476
2477,Electrum Alembic,Gokkan Saki,4000,1,2024-06-05T08:51:24.000Z,https://universalis.app/market/2477
2478,Thermal Alembic,Mio Aphelion,29999,1,2024-06-10T15:28:59.000Z,https://universalis.app/market/2478
2481,Amateur's Mortar,Akasha Purrana,3499,1,2024-05-29T01:33:48.000Z,https://universalis.app/market/2481
2482,Bronze Mortar,Ereg Ia,3999,1,2024-05-29T20:31:32.000Z,https://universalis.app/market/2482
2484,Iron Mortar,Cherbi Kahkol,10019,1,2024-06-10T14:42:20.000Z,https://universalis.app/market/2484
2485,Initiate's Mortar,Thicc Death'crit,7777,1,2024-06-10T21:46:25.000Z,https://universalis.app/market/2485
2487,Steel Mortar,Nagi Raha,8053,1,2024-06-07T04:03:43.000Z,https://universalis.app/market/2487
2488,Heavy Steel Mortar,Salsa Mai,19499,1,2024-05-27T21:26:12.000Z,https://universalis.app/market/2488
2490,Mythril Mortar,Zumie Kudeken,30000,1,2024-05-28T02:44:52.000Z,https://universalis.app/market/2490
2491,Cobalt Mortar,Helmiknok Dadestoryer,19000,1,2024-06-06T20:33:55.000Z,https://universalis.app/market/2491
2492,Militia Mortar,Sirrion Dragonfang,49998,1,2024-06-01T01:24:53.000Z,https://universalis.app/market/2492
2494,Bronze Skillet,Bonnie Mcmurray,7500,1,2024-05-17T20:15:38.000Z,https://universalis.app/market/2494
2495,Amateur's Skillet,Rabid Pringles,9999,1,2024-05-24T18:21:42.000Z,https://universalis.app/market/2495
2496,Iron Skillet,Yinyinji Yinji,10013,1,2024-05-26T21:36:51.000Z,https://universalis.app/market/2496
2497,Initiate's Skillet,Anwyn Fjellhammer,5999,1,2024-05-20T11:46:47.000Z,https://universalis.app/market/2497
2498,Iron Frypan,Gremiyun Gremiyun,6000,1,2024-06-08T14:16:03.000Z,https://universalis.app/market/2498
2499,Bomb Frypan,Minou Pascontent,15000,1,2024-06-10T20:20:53.000Z,https://universalis.app/market/2499
5528,Bomb Ash,Thika Tias,5000000,1,2024-06-09T05:34:19.000Z,https://universalis.app/market/5528
2500,Steel Skillet,Rin Dao,4000,1,2024-05-23T19:23:59.000Z,https://universalis.app/market/2500
2501,White Skillet,Seph Triste,6000,1,2024-05-19T21:55:50.000Z,https://universalis.app/market/2501
2502,Steel Frypan,Ichigo Higanbana,55553,1,2024-05-23T16:00:04.000Z,https://universalis.app/market/2502
2503,Cobalt Skillet,Arivelle Hexa'tem,19999,1,2024-06-07T04:19:49.000Z,https://universalis.app/market/2503
2504,Hells' Kitchen,Aya Nailo,47000,1,2024-06-10T13:04:52.000Z,https://universalis.app/market/2504
2507,Amateur's Culinary Knife,Gokkan Saki,9999,1,2024-06-04T08:56:30.000Z,https://universalis.app/market/2507
2508,Bronze Culinary Knife,Gokkan Saki,15000,1,2024-06-04T08:02:42.000Z,https://universalis.app/market/2508
2510,Iron Culinary Knife,Evolutional Vlone,10019,1,2024-05-30T03:50:35.000Z,https://universalis.app/market/2510
2511,Initiate's Culinary Knife,Kazuha Arkwright,15000,1,2024-05-24T03:40:50.000Z,https://universalis.app/market/2511
2513,Steel Culinary Knife,Yinyinji Yinji,6499,1,2024-06-05T18:13:12.000Z,https://universalis.app/market/2513
2514,Wrapped Steel Culinary Knife,Bonnie Mcmurray,19065,1,2024-05-18T07:27:21.000Z,https://universalis.app/market/2514
2516,Mythril Culinary Knife,Salsa Mai,49994,1,2024-05-20T06:50:31.000Z,https://universalis.app/market/2516
2518,Militia Culinary Knife,Maya Sin,50000,1,2024-06-02T04:37:51.000Z,https://universalis.app/market/2518
2520,Bronze Pickaxe,Deadwood Deadwood,2500,1,2024-05-23T04:56:41.000Z,https://universalis.app/market/2520
2521,Amateur's Pickaxe,Nyoko Ameru,9900,1,2024-05-27T05:52:09.000Z,https://universalis.app/market/2521
2522,Plumed Bronze Pickaxe,Deadwood Deadwood,10000,1,2024-05-23T04:58:58.000Z,https://universalis.app/market/2522
2523,Iron Pickaxe,Hamilton Xandra,2999,1,2024-05-17T17:46:48.000Z,https://universalis.app/market/2523
2524,Initiate's Pickaxe,Sylvain Bond,3500,1,2024-05-19T04:13:41.000Z,https://universalis.app/market/2524
2525,Iron Dolabra,Nagi Raha,15000,1,2024-06-05T05:09:53.000Z,https://universalis.app/market/2525
2526,Steel Pickaxe,Ralcesh Vo'rei,8046,1,2024-06-09T00:06:20.000Z,https://universalis.app/market/2526
2527,Steel Dolabra,Bim Danglefield,13000,1,2024-05-17T21:57:02.000Z,https://universalis.app/market/2527
2528,Plumed Mythril Pickaxe,Bim Danglefield,20000,1,2024-05-25T14:11:39.000Z,https://universalis.app/market/2528
5327,Undyed Linen,Shirase Yoshida,50000,1,2024-05-19T01:08:26.000Z,https://universalis.app/market/5327
2529,Cobalt Dolabra,Aya Ya,30000,1,2024-05-19T08:11:34.000Z,https://universalis.app/market/2529
2530,Egret Dolabra,Ishii Utatsuki,59999,1,2024-05-21T12:26:11.000Z,https://universalis.app/market/2530
2534,Bronze Sledgehammer,Osiris Neverwinter,15000,1,2024-05-30T21:58:57.000Z,https://universalis.app/market/2534
2536,Initiate's Sledgehammer,Vexenn Noms,9000,1,2024-06-02T23:26:01.000Z,https://universalis.app/market/2536
2537,Iron Sledgehammer,Yoyoto Yoto,40000,1,2024-05-20T09:39:10.000Z,https://universalis.app/market/2537
2539,Steel Sledgehammer,Astra Lykke,4049,1,2024-05-16T23:04:19.000Z,https://universalis.app/market/2539
2540,Wrapped Steel Sledgehammer,Tiro Finale,40053,1,2024-06-05T23:11:19.000Z,https://universalis.app/market/2540
2542,Mythril Sledgehammer,Brendal Durami,5200,1,2024-06-03T16:20:03.000Z,https://universalis.app/market/2542
2543,Cobalt Sledgehammer,Canadough Abootman,30000,1,2024-05-19T04:33:27.000Z,https://universalis.app/market/2543
2544,Militia Sledgehammer,Sparkle Bomb,40000,1,2024-05-21T21:16:32.000Z,https://universalis.app/market/2544
2546,Bronze Hatchet,Catboy Bottoms,40006,1,2024-06-02T02:14:08.000Z,https://universalis.app/market/2546
2547,Amateur's Hatchet,Sizu Raha,8000,1,2024-06-03T05:49:05.000Z,https://universalis.app/market/2547
2548,Iron Hatchet,Shino Norba,1000,1,2024-05-27T14:30:59.000Z,https://universalis.app/market/2548
2549,Initiate's Hatchet,Xexan Vahn,1399,1,2024-05-17T01:25:01.000Z,https://universalis.app/market/2549
2550,Brass Hatchet,Anhur Xb,7000,1,2024-06-08T14:06:23.000Z,https://universalis.app/market/2550
2551,Plumed Iron Hatchet,Ralcesh Vo'rei,35550,1,2024-06-09T00:50:15.000Z,https://universalis.app/market/2551
5359,Chocobo Feather,Saber Lynn,3500,1,2024-06-01T06:32:17.000Z,https://universalis.app/market/5359
2552,Steel Hatchet,Gideon Lu'trimos,7050,1,2024-05-22T07:23:31.000Z,https://universalis.app/market/2552
2553,Plumed Steel Hatchet,Schrodinger's Alt,4000,1,2024-05-31T19:56:10.000Z,https://universalis.app/market/2553
2554,Mythril Hatchet,Shisty Yupo,29999,1,2024-06-03T20:09:57.000Z,https://universalis.app/market/2554
2555,Cobalt Hatchet,Krusos Aureus,16420,1,2024-06-09T12:33:46.000Z,https://universalis.app/market/2555
2556,Horned Hatchet,Sir Pizz,30110,1,2024-06-01T07:05:34.000Z,https://universalis.app/market/2556
2560,Bronze Scythe,Giah Gainsborough,15000,1,2024-06-01T21:31:29.000Z,https://universalis.app/market/2560
2562,Iron Scythe,Hezzhanth Domar,15000,1,2024-06-03T18:00:41.000Z,https://universalis.app/market/2562
2563,Initiate's Scythe,Astra Lykke,5000,1,2024-05-16T23:04:42.000Z,https://universalis.app/market/2563
2565,Steel Scythe,Vesper Bae,30000,1,2024-05-16T22:50:06.000Z,https://universalis.app/market/2565
2566,Wrapped Steel Scythe,Insert'class Here,10000,1,2024-06-05T05:10:48.000Z,https://universalis.app/market/2566
2568,Mythril Scythe,Y'dyalani Aba,35000,1,2024-06-06T07:31:12.000Z,https://universalis.app/market/2568
2569,Cobalt Scythe,Zacharai Kondijn,50000,1,2024-06-09T20:36:13.000Z,https://universalis.app/market/2569
2570,Militia Scythe,Snowy Aurora,40000,1,2024-06-01T17:47:59.000Z,https://universalis.app/market/2570
2572,Maple Fishing Rod,Bonnie Mcmurray,4000,1,2024-05-18T07:41:21.000Z,https://universalis.app/market/2572
2573,Amateur's Fishing Rod,Astaralynn Foreshadow,250,1,2024-05-20T15:54:22.000Z,https://universalis.app/market/2573
2574,Elm Fishing Rod,Violin Musicorum,20000,1,2024-05-22T05:05:44.000Z,https://universalis.app/market/2574
2575,Initiate's Fishing Rod,Bonnie Mcmurray,5019,1,2024-05-18T19:53:59.000Z,https://universalis.app/market/2575
2576,Yew Fishing Rod,Ke'rii Ogasawara,39995,1,2024-05-20T16:22:25.000Z,https://universalis.app/market/2576
2577,Staghorn Fishing Rod,Stevi Skeletoon,2000,1,2024-05-20T06:32:16.000Z,https://universalis.app/market/2577
2578,Walnut Fishing Rod,Victor Balteez,60057,1,2024-06-11T00:56:01.000Z,https://universalis.app/market/2578
2579,Horn Fishing Rod,Whoosa Goodkitty,5000,1,2024-05-17T20:02:43.000Z,https://universalis.app/market/2579
2580,Mahogany Fishing Rod,Ophelia Linnet,7776,1,2024-05-24T18:02:04.000Z,https://universalis.app/market/2580
2581,Rosewood Fishing Rod,Zarel Haragin,20000,1,2024-06-07T01:56:22.000Z,https://universalis.app/market/2581
2582,Gilded Rosewood Fishing Rod,Lady Rebecca,55000,1,2024-06-08T04:14:35.000Z,https://universalis.app/market/2582
2588,Crayfish Ball,Hand'e Jhongg,13,99,2024-05-26T02:08:58.000Z,https://universalis.app/market/2588
4825,Rye Flour,Asas Quatch,1800,3,2024-05-30T04:30:05.000Z,https://universalis.app/market/4825
4925,Crayfish,Sophia Vrinn,2500,1,2024-05-19T23:00:47.000Z,https://universalis.app/market/4925
2589,Goby Ball,Sunbear Valace,389,99,2024-05-16T10:19:12.000Z,https://universalis.app/market/2589
4931,Dusk Goby,Ke'rii Ogasawara,2000,1,2024-05-16T20:49:51.000Z,https://universalis.app/market/4931
2593,Crab Ball,Leletoca Bebetoca,50,99,2024-06-10T17:11:22.000Z,https://universalis.app/market/2593
4880,Helmet Crab,Crylen Vindye,2900,4,2024-06-05T20:41:27.000Z,https://universalis.app/market/4880
2595,Bass Ball,Bokusatsu Tenshi,33,99,2024-06-09T06:44:59.000Z,https://universalis.app/market/2595
4826,Sunset Wheat Flour,Iya Ya,500,3,2024-05-26T12:32:36.000Z,https://universalis.app/market/4826
4959,Dark Bass,E'kekri Ndai,4999,1,2024-05-28T00:58:10.000Z,https://universalis.app/market/4959
2598,Herring Ball,Tavi Ymir,200,6,2024-06-01T22:41:41.000Z,https://universalis.app/market/2598
4895,Indigo Herring,Galateia Starstrider,2001,2,2024-06-09T19:06:15.000Z,https://universalis.app/market/4895
2610,Chocobo Fly,Vanilla Yogurt,199,48,2024-05-21T20:50:17.000Z,https://universalis.app/market/2610
2611,Floating Minnow,Thaddaios Evvalt,232,10,2024-06-08T16:47:45.000Z,https://universalis.app/market/2611
2612,Brass Spoon Lure,Kaeya Mirabilis,704,10,2024-05-28T21:19:56.000Z,https://universalis.app/market/2612
2614,Crow Fly,Sunbear Valace,898,12,2024-06-05T20:42:48.000Z,https://universalis.app/market/2614
2615,Silver Spoon Lure,Vira Vestelle,257,20,2024-05-26T02:56:14.000Z,https://universalis.app/market/2615
2616,Steel Jig,Wantless Yoyo,500,3,2024-06-02T10:51:18.000Z,https://universalis.app/market/2616
2617,Sinking Minnow,Daria Durami,3899,2,2024-06-08T18:59:17.000Z,https://universalis.app/market/2617
2618,Snurble Fly,Se'rah Farron,3000,5,2024-05-22T17:44:11.000Z,https://universalis.app/market/2618
5349,Snurble Tufts,Luna Fortuna,1501,99,2024-05-26T14:23:18.000Z,https://universalis.app/market/5349
2619,Heavy Steel Jig,Tanelorn Stormbringer,3000,5,2024-05-17T05:59:22.000Z,https://universalis.app/market/2619
2620,Spinner,Darkhosis Vii,4000,5,2024-05-17T14:03:56.000Z,https://universalis.app/market/2620
4900,Whitelip Oyster,Lycelle Auberlaint-,1000,1,2024-06-02T22:13:56.000Z,https://universalis.app/market/4900
2622,Mythril Spoon Lure,Fake Bun,399,6,2024-06-08T16:37:05.000Z,https://universalis.app/market/2622
2623,Wildfowl Fly,Ms Twink,657,24,2024-05-21T08:03:14.000Z,https://universalis.app/market/2623
2624,Topwater Frog,Se'rah Farron,3500,5,2024-05-19T16:23:22.000Z,https://universalis.app/market/2624
2625,Rainbow Spoon Lure,Parker Rallins,5000,5,2024-06-10T03:04:26.000Z,https://universalis.app/market/2625
5466,Blacklip Oyster,Big Floepa,9000,4,2024-05-18T12:01:18.000Z,https://universalis.app/market/5466
2626,Spinnerbait,Apollyon Zr,5000,5,2024-05-16T14:42:53.000Z,https://universalis.app/market/2626
5329,Undyed Felt,Autumn Leyowyn,7500,1,2024-05-19T11:10:28.000Z,https://universalis.app/market/5329
2627,Streamer,Zira Zira,1960,5,2024-06-08T08:06:33.000Z,https://universalis.app/market/2627
2628,Yumizuno,R'ayla Hyromire,5000,5,2024-05-20T03:51:36.000Z,https://universalis.app/market/2628
2629,Hempen Coif,Amethyst Lucivarian,5000,1,2024-05-26T07:35:22.000Z,https://universalis.app/market/2629
2630,Hempen Coif of Gathering,Zarel Haragin,20000,1,2024-05-16T18:51:25.000Z,https://universalis.app/market/2630
2631,Leather Calot,Siren Stash,229830291,1,2024-06-09T00:20:27.000Z,https://universalis.app/market/2631
12590,Ramie Cloth,Leah Tribal,4000,1,2024-06-08T20:31:11.000Z,https://universalis.app/market/12590
12595,Ramie Thread,Arthur Laguz,5001,3,2024-06-06T03:38:59.000Z,https://universalis.app/market/12595
2652,Hempen Bandana,Oh Nomoko,150000000,1,2024-06-05T16:00:31.000Z,https://universalis.app/market/2652
2653,Leather Eyepatch,Zephiro Rainelle,10000000,1,2024-05-23T17:31:13.000Z,https://universalis.app/market/2653
2654,Hard Leather Pot Helm,Caldur Moonshadow,2504,1,2024-05-27T22:25:06.000Z,https://universalis.app/market/2654
2655,Hempen Hat,Pulin Kelulin,102000000,1,2024-05-19T23:05:52.000Z,https://universalis.app/market/2655
2656,Bronze Chain Coif,Mango Chan,21000000,1,2024-06-06T04:49:54.000Z,https://universalis.app/market/2656
5081,Bronze Rings,Asya Yuki,475,10,2024-05-20T06:49:42.000Z,https://universalis.app/market/5081
2658,Straw Hat,Cloudy Vibes,14000,1,2024-06-07T09:25:30.000Z,https://universalis.app/market/2658
5342,Straw,Zero Solidstar,500,1,2024-06-10T22:55:54.000Z,https://universalis.app/market/5342
2660,Amateur's Headgear,K'lyhhia Denna,6000,1,2024-05-21T04:59:04.000Z,https://universalis.app/market/2660
2661,Amateur's Hempen Coif,Boldwyer Inntimidator,10000000,1,2024-06-05T02:13:40.000Z,https://universalis.app/market/2661
2662,Bronze Sallet,Duneli Guneli,49999,1,2024-05-23T02:34:51.000Z,https://universalis.app/market/2662
2663,Stablemaid's Hat,Kai Gestalt,19500,1,2024-05-18T22:42:01.000Z,https://universalis.app/market/2663
5540,Carnation,Citrus Kokahmi,19,27,2024-05-31T00:22:33.000Z,https://universalis.app/market/5540
2664,Bronze Barbut,Garrus Flameborn,19999,1,2024-05-23T20:04:56.000Z,https://universalis.app/market/2664
2665,Cotton Turban,Elphelt Bellarose,8006,1,2024-05-28T15:24:53.000Z,https://universalis.app/market/2665
2666,Stablehand's Hat,Nagi Raha,20000,1,2024-06-01T20:08:54.000Z,https://universalis.app/market/2666
2668,Brass Spectacles,Bastian Aegis,20015,1,2024-06-05T10:16:34.000Z,https://universalis.app/market/2668
5512,Clear Glass Lens,Dorian Emers,1173,3,2024-06-12T16:15:53.000Z,https://universalis.app/market/5512
2669,Hard Leather Eyepatch,Amenie Gamma,4500,1,2024-05-28T20:42:49.000Z,https://universalis.app/market/2669
2670,Cotton Scarf,Artemis Finn,500000,1,2024-05-16T02:45:12.000Z,https://universalis.app/market/2670
2672,Hard Leather Skullcap,Wing Strife,20000,1,2024-06-02T03:11:33.000Z,https://universalis.app/market/2672
2673,Bronze Celata,Foot Longblade,900,1,2024-06-07T17:11:05.000Z,https://universalis.app/market/2673
2675,Ash Mask,Doubledown Drazi,1000000,1,2024-05-21T01:50:47.000Z,https://universalis.app/market/2675
2677,Hunting Hat,Nina Axeton,4999,1,2024-05-24T19:32:48.000Z,https://universalis.app/market/2677
2680,Decorated Bronze Barbut,Puppy Brain,25000,1,2024-05-20T18:54:39.000Z,https://universalis.app/market/2680
2685,Brass Circlet (Sunstone),Atha Ra'ahn,4050,1,2024-05-17T14:58:29.000Z,https://universalis.app/market/2685
5169,Sunstone,Maeva Raine,98,2,2024-05-24T14:58:56.000Z,https://universalis.app/market/5169
2687,Brass Circlet (Danburite),Amenie Gamma,5000,1,2024-06-02T14:05:46.000Z,https://universalis.app/market/2687
5170,Danburite,Ace Wildfire,150,2,2024-06-10T00:56:17.000Z,https://universalis.app/market/5170
2689,Brass Circlet (Malachite),Laddy Varra,450,1,2024-05-28T20:45:25.000Z,https://universalis.app/market/2689
5171,Malachite,Zoro Hawkeye,1000,1,2024-06-07T17:36:00.000Z,https://universalis.app/market/5171
2691,Brass Circlet (Sphene),Ameline Vendhen,2991,1,2024-06-03T23:52:47.000Z,https://universalis.app/market/2691
5172,Sphene,Vasella Ontagini,500,1,2024-05-24T21:31:28.000Z,https://universalis.app/market/5172
2693,Brass Circlet (Fluorite),Thika Tias,10000000,1,2024-06-09T19:43:48.000Z,https://universalis.app/market/2693
5173,Fluorite,N'erix Tia,250,1,2024-05-26T21:36:42.000Z,https://universalis.app/market/5173
2695,Brass Circlet (Lapis Lazuli),Maeve Angura,295,1,2024-06-09T22:31:41.000Z,https://universalis.app/market/2695
5174,Lapis Lazuli,Gazyn Mazyn,1000,10,2024-05-16T19:34:30.000Z,https://universalis.app/market/5174
2697,Goatskin Pot Helm,Vax'drizz Akablade,19999,1,2024-05-20T03:11:55.000Z,https://universalis.app/market/2697
2699,Cotton Coif,Raikyo Deus,9000,1,2024-05-22T21:23:19.000Z,https://universalis.app/market/2699
2700,Cotton Coif of Gathering,Agent Cooper,35010,1,2024-06-05T14:40:33.000Z,https://universalis.app/market/2700
2703,Ash Mask (Lapis Lazuli),A'vhut Jhari,25000,1,2024-05-29T01:57:31.000Z,https://universalis.app/market/2703
2708,Iron Sallet,Renn Crosner,3010,1,2024-05-19T18:05:33.000Z,https://universalis.app/market/2708
2710,Goatskin Eyepatch,Darceloix Dailemount,35000,1,2024-05-22T14:13:36.000Z,https://universalis.app/market/2710
2712,Iron Celata,Booger Eater,6995,1,2024-06-09T00:02:51.000Z,https://universalis.app/market/2712
5082,Iron Rings,Saint Mephistopheles,589,4,2024-05-18T16:40:22.000Z,https://universalis.app/market/5082
2714,Initiate's Headgear,Ichigo Higanbana,49999,1,2024-05-22T17:22:03.000Z,https://universalis.app/market/2714
2719,Cotton Sugarloaf Hat,Aenyxtheis Elyseios,24000,1,2024-06-05T10:43:04.000Z,https://universalis.app/market/2719
2723,Iron Elmo,Lemon Candy,8015,1,2024-05-28T06:43:58.000Z,https://universalis.app/market/2723
2725,Reinforced Iron Sallet,Lu Monde,20000,1,2024-05-23T07:13:13.000Z,https://universalis.app/market/2725
2727,Velveteen Bandana,Aenolia Wyrmsteel,34999,1,2024-06-02T22:02:59.000Z,https://universalis.app/market/2727
2728,Silver Spectacles,Free Boulder,26999,1,2024-05-28T04:49:21.000Z,https://universalis.app/market/2728
2729,Velveteen Turban,Astaralynn Foreshadow,9000,1,2024-05-16T15:30:50.000Z,https://universalis.app/market/2729
2731,Silver Magnifiers,Lil Sayu,38000,1,2024-05-29T00:22:58.000Z,https://universalis.app/market/2731
2733,Velveteen Wedge Cap of Crafting,Fukudo Tia,17999,1,2024-05-31T04:56:34.000Z,https://universalis.app/market/2733
2734,Velveteen Wedge Cap of Gathering,Kishiko Tsuru,7521,1,2024-05-25T06:37:52.000Z,https://universalis.app/market/2734
2735,Silver Circlet (Garnet),Aisha Rashan,35500,1,2024-05-27T00:10:29.000Z,https://universalis.app/market/2735
5175,Garnet,Goopy Butter,101,1,2024-05-26T02:22:34.000Z,https://universalis.app/market/5175
2737,Silver Circlet (Goshenite),Sylvain Bond,15000,1,2024-05-19T04:16:03.000Z,https://universalis.app/market/2737
5176,Goshenite,Maester Guado,1800,1,2024-05-23T05:40:18.000Z,https://universalis.app/market/5176
2739,Silver Circlet (Peridot),Aria Riskbreaker,10000,1,2024-06-08T21:02:47.000Z,https://universalis.app/market/2739
5177,Peridot,Maeva Raine,502,18,2024-05-24T15:04:03.000Z,https://universalis.app/market/5177
2741,Silver Circlet (Heliodor),Kaeda Destrian,20000,1,2024-06-04T18:50:10.000Z,https://universalis.app/market/2741
5178,Heliodor,Maester Guado,500,3,2024-05-23T05:40:46.000Z,https://universalis.app/market/5178
2743,Silver Circlet (Amethyst),D'ade Murphy,11000,1,2024-05-23T21:08:53.000Z,https://universalis.app/market/2743
5179,Amethyst,Reset Sunmoon,200,5,2024-05-31T17:54:28.000Z,https://universalis.app/market/5179
2745,Silver Circlet (Aquamarine),Karyn Ava,19999,1,2024-05-23T16:06:21.000Z,https://universalis.app/market/2745
5180,Aquamarine,Avory Bernkastel,2002,2,2024-06-06T08:41:19.000Z,https://universalis.app/market/5180
2750,Velveteen Beret,Luna Elara,39026,1,2024-05-26T22:23:45.000Z,https://universalis.app/market/2750
5343,Cotton Boll,Clarence Astralis,1000,1,2024-05-19T19:40:03.000Z,https://universalis.app/market/5343
5355,Dodo Feather,Solomon Ravengarde,5000,1,2024-06-07T06:06:28.000Z,https://universalis.app/market/5355
2753,Steel Sallet,Elphelt Bellarose,40000,1,2024-05-31T06:05:01.000Z,https://universalis.app/market/2753
2755,Steel Celata,Mr Scrubs,15000,1,2024-06-08T00:33:01.000Z,https://universalis.app/market/2755
2757,Vintage Celata,Dorinere Calfslasher,40001,1,2024-05-20T17:33:13.000Z,https://universalis.app/market/2757
2758,Steel Goggles,Caffeine Central,60030,1,2024-05-21T00:15:28.000Z,https://universalis.app/market/2758
2763,Velveteen Sugarloaf Hat,Soketsu Tempest,33000,1,2024-06-10T13:33:40.000Z,https://universalis.app/market/2763
2765,Steel Elmo,Mateo Mahlon,20000,1,2024-06-03T06:14:15.000Z,https://universalis.app/market/2765
2767,Skull Eyepatch,Lady Satarel,39930,1,2024-06-03T00:23:05.000Z,https://universalis.app/market/2767
2769,Mythril Magnifiers,Aeditha Delacroix,20015,1,2024-06-01T21:45:33.000Z,https://universalis.app/market/2769
2774,Mythril Spectacles,Dasvi Daniya,20047,1,2024-05-24T04:11:49.000Z,https://universalis.app/market/2774
2776,Linen Turban,Cam Ashdal,20000000,1,2024-06-08T21:57:51.000Z,https://universalis.app/market/2776
2778,Angler's Hat,Deathly Knightshade,45000,1,2024-05-25T03:40:39.000Z,https://universalis.app/market/2778
2779,Linen Hat,Gar Red,49999,1,2024-05-22T19:55:03.000Z,https://universalis.app/market/2779
2785,Vintage Chef's Hat,Channing Vladhart,50000,1,2024-06-01T17:34:14.000Z,https://universalis.app/market/2785
2657,Ripped Chef's Hat,Awia Saki,19500,1,2024-06-04T17:36:52.000Z,https://universalis.app/market/2657
2786,Steel Barbut,Zero Ace,10000,1,2024-05-25T22:44:15.000Z,https://universalis.app/market/2786
2788,Boarskin Pot Helm,Sizu Raha,23000,1,2024-06-04T20:15:03.000Z,https://universalis.app/market/2788
2790,Mythril Circlet (Rubellite),Jenyfael Astreia,50000,1,2024-06-02T11:09:22.000Z,https://universalis.app/market/2790
5181,Rubellite,Bladyn Zaccai,1000,1,2024-05-20T20:55:50.000Z,https://universalis.app/market/5181
2792,Mythril Circlet (Zircon),Afelineda Hugandkiss,49991,1,2024-06-07T10:35:52.000Z,https://universalis.app/market/2792
5182,Zircon,Amybelle Teonis,600,2,2024-06-05T15:36:29.000Z,https://universalis.app/market/5182
2794,Mythril Circlet (Tourmaline),Vees Savage,9038,1,2024-06-03T03:55:17.000Z,https://universalis.app/market/2794
2796,Mythril Circlet (Amber),Eleanor Hume,599,1,2024-06-01T14:49:13.000Z,https://universalis.app/market/2796
5184,Amber,Meicyan Rei,199,2,2024-05-19T18:06:06.000Z,https://universalis.app/market/5184
2798,Mythril Circlet (Spinel),Angel Lightborn,3500,1,2024-06-08T16:27:33.000Z,https://universalis.app/market/2798
5185,Spinel,Maeva Raine,1000,10,2024-05-24T04:01:52.000Z,https://universalis.app/market/5185
2800,Mythril Circlet (Turquoise),Dracon Fireborn,2000,1,2024-06-02T06:00:10.000Z,https://universalis.app/market/2800
5186,Turquoise,Talrin Bregoa,1500,2,2024-05-30T04:08:31.000Z,https://universalis.app/market/5186
2802,Mythril Elmo,Raiden Bekster,59699,1,2024-05-20T22:24:11.000Z,https://universalis.app/market/2802
2804,Linen Wedge Cap of Crafting,Spooki Bats,7000,1,2024-05-24T17:42:42.000Z,https://universalis.app/market/2804
2805,Linen Wedge Cap of Gathering,Edekin Reed,329000000,1,2024-06-01T02:15:47.000Z,https://universalis.app/market/2805
2806,Woolen Coif,Kioko Shiro,30000,1,2024-06-01T18:10:29.000Z,https://universalis.app/market/2806
5328,Undyed Woolen Cloth,Aleiya Hroka,7500,1,2024-05-31T05:24:50.000Z,https://universalis.app/market/5328
2808,Woolen Coif of Gathering,D- Wolf,25000,1,2024-05-20T21:02:10.000Z,https://universalis.app/market/2808
2810,Woolen Turban,Morinaga Bairon,12000,1,2024-05-18T00:07:39.000Z,https://universalis.app/market/2810
2812,Mythril Celata,Mako Belnades,20000,1,2024-05-19T00:57:31.000Z,https://universalis.app/market/2812
5089,Mythril Rings,Juggale Galago,2000,1,2024-06-04T02:48:52.000Z,https://universalis.app/market/5089
2814,Woolen Hat,Ayaka Namikiri,63936,1,2024-05-29T06:02:37.000Z,https://universalis.app/market/2814
2816,Linen Deerstalker,Bonnie Mcmurray,30000,1,2024-05-18T06:54:23.000Z,https://universalis.app/market/2816
2817,Mythril Barbut,Wandering Bystander,9996,1,2024-06-05T20:28:28.000Z,https://universalis.app/market/2817
2819,Mythril Mesail,Rhubarb Knight,32000,1,2024-06-12T04:43:05.000Z,https://universalis.app/market/2819
2825,Ranger's Hat,Dw Forged,500,1,2024-05-24T07:21:49.000Z,https://universalis.app/market/2825
2827,Mythril Chain Coif,Saint Mephistopheles,24999,1,2024-05-26T01:50:55.000Z,https://universalis.app/market/2827
2829,Woolen Beret,Orang Juice,55000,1,2024-06-07T01:27:34.000Z,https://universalis.app/market/2829
5348,Apkallu Down,Flora Moon,2501,2,2024-05-30T04:31:26.000Z,https://universalis.app/market/5348
2830,Reinforced Mythril Elmo,Sayori Hoa,70053,1,2024-05-29T19:51:35.000Z,https://universalis.app/market/2830
2832,Woolen Cavalier's Hat,Lonzent Medicus,1500,1,2024-05-29T03:11:30.000Z,https://universalis.app/market/2832
2834,Cobalt Preserves,Tiamat Dragonhart,50000,1,2024-06-07T01:01:50.000Z,https://universalis.app/market/2834
2835,Felt Coif,Kfka Six,50000,1,2024-05-27T14:45:20.000Z,https://universalis.app/market/2835
2837,Felt Coif of Gathering,Rod Fatherson,20000,1,2024-05-23T23:04:20.000Z,https://universalis.app/market/2837
2850,Cobalt Elmo,Rozushi Mistwalker,19999,1,2024-05-25T02:06:19.000Z,https://universalis.app/market/2850
2852,Felt Hat,Blake Darkblade,50000,1,2024-05-25T08:57:34.000Z,https://universalis.app/market/2852
2854,Woolen Deerstalker,Asami Kohaku,12957,1,2024-06-09T15:52:39.000Z,https://universalis.app/market/2854
2855,Vintage Jester's Cap,Sumi Jizutsu,49998,1,2024-05-20T16:04:34.000Z,https://universalis.app/market/2855
2702,Moldering Jester's Cap,Th'reftis Hyalenos,3000,1,2024-05-31T10:17:16.000Z,https://universalis.app/market/2702
2857,Electrum Monocle,Halvard Lockhart,100000,1,2024-05-19T06:32:30.000Z,https://universalis.app/market/2857
5087,Brass Rings,Agrias Oak,598,10,2024-06-06T00:46:09.000Z,https://universalis.app/market/5087
2859,Cobalt Barbut,Ishii Utatsuki,29999,1,2024-05-25T12:32:13.000Z,https://universalis.app/market/2859
2861,Cobalt Mesail,Good Bye,35000,1,2024-05-19T01:37:28.000Z,https://universalis.app/market/2861
2862,Raptorskin Pot Helm,Halla Kadlin,45000,1,2024-05-26T03:39:44.000Z,https://universalis.app/market/2862
2870,Electrum Circlet (Rubellite),Solomon Ravengarde,49039,1,2024-06-07T08:30:16.000Z,https://universalis.app/market/2870
2872,Electrum Circlet (Zircon),Ichigo Higanbana,44444,1,2024-06-09T01:13:53.000Z,https://universalis.app/market/2872
2874,Electrum Circlet (Tourmaline),Rayne Amor,2745,1,2024-05-23T04:32:55.000Z,https://universalis.app/market/2874
2876,Electrum Circlet (Amber),G'baelf Naasade,80000000,1,2024-06-04T02:26:26.000Z,https://universalis.app/market/2876
2878,Electrum Circlet (Spinel),Jesrael Brynhildwyn,44444,1,2024-06-06T00:39:29.000Z,https://universalis.app/market/2878
2880,Electrum Circlet (Turquoise),Khasar Orl,988,1,2024-06-10T11:07:02.000Z,https://universalis.app/market/2880
2882,Rainmaker's Hat,Venus Namaia,30061,1,2024-06-01T06:02:51.000Z,https://universalis.app/market/2882
2884,Cobalt Chain Coif,Ravi Oli,19980,1,2024-05-21T22:55:14.000Z,https://universalis.app/market/2884
5084,Cobalt Rings,Lil Jaguar,1000,1,2024-06-07T20:41:03.000Z,https://universalis.app/market/5084
2886,Felt Beret,Kal'lian Antiqua,39990,1,2024-05-23T01:46:12.000Z,https://universalis.app/market/2886
2888,Vintage Coif,Vladimir Dopper,25000,1,2024-05-19T18:32:44.000Z,https://universalis.app/market/2888
2759,Torn Coif,Eros Don,1700,1,2024-05-28T03:24:06.000Z,https://universalis.app/market/2759
2889,Cobalt Celata,Xia Red,2000,1,2024-05-19T08:53:31.000Z,https://universalis.app/market/2889
2891,Felt Cavalier's Hat,Qiri Vild'n,35490,1,2024-05-26T15:53:14.000Z,https://universalis.app/market/2891
2893,Cobalt Sallet,Rice Bunn,20757,1,2024-05-21T00:54:58.000Z,https://universalis.app/market/2893
2895,Patrician's Wedge Cap,Aleksei Whitewolf,26666,1,2024-05-17T02:13:40.000Z,https://universalis.app/market/2895
2911,Militia Barbut,Osiris Neverwinter,8700,1,2024-05-21T19:25:45.000Z,https://universalis.app/market/2911
2912,Militia Armet,Alex Storm,3999,1,2024-05-17T01:49:59.000Z,https://universalis.app/market/2912
2913,Militia Hat,Louney Violet,1999,1,2024-06-01T08:10:37.000Z,https://universalis.app/market/2913
2915,Silver Tricorne,Ghost Hydra,9000,1,2024-06-03T22:15:15.000Z,https://universalis.app/market/2915
5287,Uraeus Leather,Vebvi'vi Di'vici,12001,1,2024-05-19T06:00:43.000Z,https://universalis.app/market/5287
2920,Carpenter's Hood,Kazuma Sagara,3998,1,2024-06-02T04:21:50.000Z,https://universalis.app/market/2920
2921,Blacksmith's Goggles,Sollaeren Guilthana,19990,1,2024-05-17T18:39:09.000Z,https://universalis.app/market/2921
2922,Armorer's Visor,Saint Mephistopheles,10070,1,2024-05-26T02:03:28.000Z,https://universalis.app/market/2922
2923,Goldsmith's Turban,Celeste Deluce,1999,1,2024-05-23T01:44:16.000Z,https://universalis.app/market/2923
2924,Leatherworker's Hat,K'ali Loweherz,14999,1,2024-05-24T01:35:21.000Z,https://universalis.app/market/2924
2925,Weaver's Gibus,Jilo Kica,7000,1,2024-05-30T18:34:12.000Z,https://universalis.app/market/2925
2926,Alchemist's Monocle,Lu Nox,50000,1,2024-05-25T16:28:35.000Z,https://universalis.app/market/2926
2927,Culinarian's Hat,Bellatrix Archiviste,34899,1,2024-05-30T01:18:07.000Z,https://universalis.app/market/2927
2928,Hamlet Digger's Helmet,Torrent Fall,25000,1,2024-05-28T01:56:11.000Z,https://universalis.app/market/2928
2929,Hamlet Cutter's Hat,Yomi Jompker,30065,1,2024-05-30T03:06:47.000Z,https://universalis.app/market/2929
2930,Hamlet Puller's Hat,Ellesendra Hart,32000,1,2024-05-28T06:19:40.000Z,https://universalis.app/market/2930
2932,Rose Gold Circlet,Cedrik Winterbane,1000,1,2024-06-05T01:44:19.000Z,https://universalis.app/market/2932
2931,Legionary Visor,Stella Molly,50000000,1,2024-05-25T13:50:15.000Z,https://universalis.app/market/2931
5067,Rose Gold Ingot,Theblack Inquisition,2400,1,2024-05-25T19:29:20.000Z,https://universalis.app/market/5067
2933,Imperial Operative Tricorne,Lilgoria Nav,1799,1,2024-05-28T04:51:08.000Z,https://universalis.app/market/2933
2938,Gryphonskin Bandana,King Grig,3000,1,2024-05-31T04:30:13.000Z,https://universalis.app/market/2938
5289,Hard Hippogryph Leather,Boary Houlder,20000,13,2024-06-09T14:32:11.000Z,https://universalis.app/market/5289
2939,Gryphonskin Hat,Torrent Fall,3997,1,2024-05-16T00:54:03.000Z,https://universalis.app/market/2939
2940,Darksteel Chain Coif,Mura Sanatori,2500,1,2024-06-09T21:40:24.000Z,https://universalis.app/market/2940
5085,Darksteel Rings,Bree Ofthebunny,400,1,2024-06-02T18:08:37.000Z,https://universalis.app/market/5085
2941,Vanya Hat of Casting,M'rihnn Tia,8000,1,2024-06-11T18:32:15.000Z,https://universalis.app/market/2941
5577,Vanya Silk Hat Lining,Didrianna Winterset,2000,1,2024-06-01T01:37:56.000Z,https://universalis.app/market/5577
2942,Vanya Hat of Healing,Saviana Astrala,2995,1,2024-05-17T02:58:47.000Z,https://universalis.app/market/2942
2958,Hempen Dalmatica,Lycoris Lunaris,4000,1,2024-05-18T15:22:44.000Z,https://universalis.app/market/2958
2959,Hempen Dalmatica of Gathering,Calypso Vernia,9999,1,2024-06-07T23:56:56.000Z,https://universalis.app/market/2959
2960,Hempen Tunic,Erikka Chisaka,75000000,1,2024-06-03T00:58:18.000Z,https://universalis.app/market/2960
2961,Hempen Kurta,Stoic Oak,128000000,1,2024-06-12T01:49:51.000Z,https://universalis.app/market/2961
2993,Company Tabard,Rarity Opalescence,1495000,1,2024-05-23T05:23:50.000Z,https://universalis.app/market/2993
2996,Hempen Undershirt,Bastosa Ford,8000,1,2024-06-07T18:41:17.000Z,https://universalis.app/market/2996
2997,Hempen Camise,Sophia Silver,30000000,1,2024-06-03T05:56:02.000Z,https://universalis.app/market/2997
2999,Hempen Tabard,Kiyoriu Tanaka,20000,1,2024-05-27T22:35:25.000Z,https://universalis.app/market/2999
3000,Hempen Cowl,Eir Thorne,1888,1,2024-06-03T20:43:55.000Z,https://universalis.app/market/3000
3001,Hempen Shepherd's Tunic,Ereg Ia,30000,1,2024-05-27T22:51:12.000Z,https://universalis.app/market/3001
3008,Hempen Acton,Aza Ryael,4950,1,2024-06-09T10:09:33.000Z,https://universalis.app/market/3008
5341,Moko Grass,Solomon Ravengarde,500,40,2024-06-07T05:06:01.000Z,https://universalis.app/market/5341
3010,Hempen Halfrobe,Damionn Fugazi,10000,1,2024-05-28T00:57:24.000Z,https://universalis.app/market/3010
3011,Bronze Haubergeon,Runic Raven,6735000,1,2024-05-25T17:16:13.000Z,https://universalis.app/market/3011
3013,Amateur's Doublet Vest,Bjorn Belm,10750000,1,2024-05-23T02:11:24.000Z,https://universalis.app/market/3013
3014,Amateur's Kurta,Maria Brinkmoon,250,1,2024-06-07T06:58:22.000Z,https://universalis.app/market/3014
3015,Amateur's Dalmatica,Jackie Rin,64999,1,2024-06-01T16:12:17.000Z,https://universalis.app/market/3015
3016,Leather Jacket,Caldur Moonshadow,3000,1,2024-05-27T22:25:30.000Z,https://universalis.app/market/3016
3017,Hard Leather Harness,Solaire Astoria,27990000,1,2024-06-04T05:42:28.000Z,https://universalis.app/market/3017
3018,Hempen Robe,Val Vitari,2798,1,2024-05-22T06:41:06.000Z,https://universalis.app/market/3018
3019,Hempen Doublet Vest of Crafting,Reeses Peices,10000,1,2024-06-09T18:19:19.000Z,https://universalis.app/market/3019
3020,Hempen Doublet Vest of Gathering,Queen Raspberry,5000,1,2024-05-19T08:44:02.000Z,https://universalis.app/market/3020
3022,Cotton Shirt,Jessica Hammond,15000,1,2024-06-05T11:51:30.000Z,https://universalis.app/market/3022
3023,Cotton Shepherd's Tunic,Eliza Hurst,20011,1,2024-05-28T21:40:24.000Z,https://universalis.app/market/3023
3024,Cotton Cowl,Donovan Killinger,11500,1,2024-05-19T19:24:13.000Z,https://universalis.app/market/3024
3026,Bronze Cuirass,Bim Danglefield,4999,1,2024-05-16T02:08:52.000Z,https://universalis.app/market/3026
3028,Cotton Tabard,Sollidus Snake,22001,1,2024-06-04T07:02:46.000Z,https://universalis.app/market/3028
3036,Cotton Dalmatica,Raikyo Deus,2000,1,2024-05-22T21:23:54.000Z,https://universalis.app/market/3036
3038,Cotton Dalmatica of Gathering,Ryn Tymme,20000,1,2024-05-22T19:11:55.000Z,https://universalis.app/market/3038
3039,Cotton Acton,Darceloix Dailemount,15000,1,2024-05-22T03:22:26.000Z,https://universalis.app/market/3039
3041,Cotton Kurta,Yuuna Ichigo,6013,1,2024-06-07T22:15:30.000Z,https://universalis.app/market/3041
3043,Goatskin Jacket,Darceloix Dailemount,799,1,2024-05-22T14:14:22.000Z,https://universalis.app/market/3043
3045,Iron Cuirass,Stumpy Green,5017,1,2024-05-29T11:34:54.000Z,https://universalis.app/market/3045
3050,Cotton Halfrobe,Malefic Erebus,10000,1,2024-05-18T01:49:29.000Z,https://universalis.app/market/3050
3052,Cotton Doublet Vest of Crafting,Anna Mew,50000,1,2024-06-08T00:16:01.000Z,https://universalis.app/market/3052
3053,Cotton Doublet Vest of Gathering,Zarel Haragin,20000,1,2024-05-16T20:28:02.000Z,https://universalis.app/market/3053
3057,Iron Scale Mail,Malos Logos,25000,1,2024-05-20T21:09:51.000Z,https://universalis.app/market/3057
3060,Cotton Trapper's Tunic,Kei Ki',250,1,2024-05-29T11:55:57.000Z,https://universalis.app/market/3060
3062,Cotton Robe,Aria Riskbreaker,23255,1,2024-06-08T21:03:27.000Z,https://universalis.app/market/3062
3064,Initiate's Doublet Vest,Will Qufiswesfv,10000,1,2024-06-01T03:51:52.000Z,https://universalis.app/market/3064
3065,Initiate's Gown,Bubby Cat,20000,1,2024-06-04T01:43:45.000Z,https://universalis.app/market/3065
3066,Velveteen Shirt,Issac Arkwright,10000,1,2024-05-30T14:11:12.000Z,https://universalis.app/market/3066
3068,Heavy Iron Armor,Kale Chippu,22200,1,2024-06-04T02:43:43.000Z,https://universalis.app/market/3068
3076,Vintage Coatee,Aeditha Delacroix,16000,1,2024-06-01T21:46:00.000Z,https://universalis.app/market/3076
3009,Moth-eaten Coatee,Usagi Ketsueki,17000,1,2024-06-04T15:29:56.000Z,https://universalis.app/market/3009
3077,Velveteen Coatee of Crafting,Victor Balteez,35000,1,2024-06-03T23:17:24.000Z,https://universalis.app/market/3077
3090,Velveteen Cowl,Elora Balro,100035,1,2024-06-07T17:23:37.000Z,https://universalis.app/market/3090
3092,Velveteen Coatee of Gathering,Astra Lykke,25000,1,2024-05-16T23:01:34.000Z,https://universalis.app/market/3092
3096,Steel Chainmail,Pressing Buttons,32000,1,2024-05-24T17:26:40.000Z,https://universalis.app/market/3096
5083,Steel Rings,Thundrr Thighs,2450,1,2024-06-07T19:43:15.000Z,https://universalis.app/market/5083
3099,Toadskin Jerkin,Zacharai Kondijn,35500,1,2024-06-02T05:31:18.000Z,https://universalis.app/market/3099
3100,Toadskin Jacket,Toshi'ro Shiki,55555,1,2024-06-05T22:53:56.000Z,https://universalis.app/market/3100
3102,Steel Cuirass,Lily Epheris,45900000,1,2024-05-27T05:44:55.000Z,https://universalis.app/market/3102
3104,Velveteen Gown,Y'estelle Serenity,40044,1,2024-06-08T20:18:34.000Z,https://universalis.app/market/3104
3105,Vintage Doublet Vest,Shady Smalls,40077,1,2024-05-27T04:27:51.000Z,https://universalis.app/market/3105
2998,Frayed Cotton Doublet Vest,Rasho Banjo,5000,1,2024-05-27T00:31:40.000Z,https://universalis.app/market/2998
3106,Velveteen Robe,Soketsu Tempest,50001,1,2024-06-10T13:33:51.000Z,https://universalis.app/market/3106
3118,Steel Scale Mail,Highlord Rhys,24998,1,2024-06-07T20:32:09.000Z,https://universalis.app/market/3118
3120,Velveteen Doublet Vest of Crafting,Ame Izayoi,35400,1,2024-05-16T15:12:26.000Z,https://universalis.app/market/3120
3121,Velveteen Doublet Vest of Gathering,Zarel Haragin,35500,1,2024-05-31T01:13:49.000Z,https://universalis.app/market/3121
3125,Linen Shirt,Solomon Ravengarde,15000,1,2024-06-07T07:17:23.000Z,https://universalis.app/market/3125
3127,Heavy Steel Armor,Riya Myu,40054,1,2024-05-24T20:27:08.000Z,https://universalis.app/market/3127
3131,Linen Robe,Kai Gestalt,25000,1,2024-06-06T14:22:50.000Z,https://universalis.app/market/3131
3137,Vintage Chef's Apron,Goollop Gerrloin,50000,1,2024-05-22T17:04:45.000Z,https://universalis.app/market/3137
3012,Stained Chef's Apron,Cardi Hi-c,39054,1,2024-06-03T01:07:56.000Z,https://universalis.app/market/3012
3138,Boarskin Harness,Mipha Zorana,23000,1,2024-05-30T22:14:30.000Z,https://universalis.app/market/3138
3140,Linen Cowl,Vees Savage,15000,1,2024-06-03T03:54:30.000Z,https://universalis.app/market/3140
3142,Horn Scale Mail,Echo Earthrise,40000,1,2024-05-17T01:23:05.000Z,https://universalis.app/market/3142
3144,Linen Coatee of Crafting,Adorate Satani,49999,1,2024-05-25T02:13:59.000Z,https://universalis.app/market/3144
3145,Linen Coatee of Gathering,Shirojishi Suuuun,27999,1,2024-06-08T16:15:47.000Z,https://universalis.app/market/3145
3146,Linen Bliaud,Azada Scriv,49000,1,2024-05-16T18:04:00.000Z,https://universalis.app/market/3146
3147,Woolen Shirt,Karrthus Immortal,15000,1,2024-05-28T02:19:40.000Z,https://universalis.app/market/3147
3149,Mythril Cuirass,I'm Trig,55555,1,2024-05-16T23:37:24.000Z,https://universalis.app/market/3149
3160,Woolen Robe,Scrappy Meh,35000,1,2024-06-02T19:08:15.000Z,https://universalis.app/market/3160
3162,Linen Smock,Ella Vonbrath,50000000,1,2024-05-19T19:31:16.000Z,https://universalis.app/market/3162
3163,Linen Doublet,D- Wolf,25000,1,2024-05-20T21:01:38.000Z,https://universalis.app/market/3163
3164,Vintage Scale Mail,Strummer Cash,50000,1,2024-05-26T18:14:55.000Z,https://universalis.app/market/3164
3021,Blackened Scale Mail,Spook Kirijo,2150,1,2024-05-22T03:58:05.000Z,https://universalis.app/market/3021
3165,Peisteskin Harness,Mako Belnades,40000,1,2024-05-27T14:43:43.000Z,https://universalis.app/market/3165
3172,Ranger's Tunic,Astaralynn Foreshadow,24999,1,2024-05-23T15:21:39.000Z,https://universalis.app/market/3172
3174,Mythril Haubergeon,Valvra Munilis,54999,1,2024-05-16T19:26:15.000Z,https://universalis.app/market/3174
3176,Woolen Gown,Bluu Rae,15000,1,2024-05-17T11:19:38.000Z,https://universalis.app/market/3176
3177,Boarskin Jerkin,Mako Belnades,40000,1,2024-05-28T21:52:05.000Z,https://universalis.app/market/3177
3178,Woolen Bliaud,Hime Gyaru,4085,1,2024-06-02T13:28:15.000Z,https://universalis.app/market/3178
3180,High Mythril Armor,Ao Violet,50000,1,2024-05-26T07:19:53.000Z,https://universalis.app/market/3180
3182,Vintage Seneschal Coatee,Me'owtla Jhari,50000,1,2024-05-23T00:51:45.000Z,https://universalis.app/market/3182
3098,Moth-eaten Seneschal Coatee,Ruby Harker,34999,1,2024-05-27T01:11:27.000Z,https://universalis.app/market/3098
3183,Tortoiseshell Scale Mail,Karyn Ava,30000,1,2024-06-02T18:36:53.000Z,https://universalis.app/market/3183
3185,Felt Robe,Odin Borson,38093,1,2024-06-08T06:31:44.000Z,https://universalis.app/market/3185
3187,Woolen Smock,Karyn Ava,28999,1,2024-05-25T17:33:17.000Z,https://universalis.app/market/3187
3188,Woolen Doublet,Orion Moonshadow,20000,1,2024-06-03T22:46:22.000Z,https://universalis.app/market/3188
3191,Raptorskin Harness,Evelyn Arling,9000,1,2024-05-23T00:10:40.000Z,https://universalis.app/market/3191
3193,Woolen Cowl,Uriea Scaeva,29839,1,2024-05-26T23:47:23.000Z,https://universalis.app/market/3193
3201,Rainmaker's Tunic,Sun Crowley,50000,1,2024-05-23T02:50:32.000Z,https://universalis.app/market/3201
3203,Cobalt Haubergeon,Seb Southwind,67777,1,2024-05-16T09:47:41.000Z,https://universalis.app/market/3203
3205,Felt Gown,Omega Everfrost,37000,1,2024-05-29T03:58:22.000Z,https://universalis.app/market/3205
3206,Raptorskin Jerkin,Asrael Galan,55555,1,2024-06-05T08:39:38.000Z,https://universalis.app/market/3206
3208,Vintage Robe,William Karasin,34999,1,2024-05-23T04:38:05.000Z,https://universalis.app/market/3208
3108,Tattered Robe,Real Beater,37500,1,2024-05-27T18:10:31.000Z,https://universalis.app/market/3108
3209,Cobalt Cuirass,Xia Red,13100,1,2024-05-19T08:53:37.000Z,https://universalis.app/market/3209
3211,Felt Bliaud,Freya Jomalah,50000,1,2024-05-21T18:09:28.000Z,https://universalis.app/market/3211
3213,Raptorskin Jacket,Xena Blade,30000,1,2024-05-21T18:19:57.000Z,https://universalis.app/market/3213
3215,Patrician's Coatee,Bluu Rae,39990,1,2024-05-17T11:24:06.000Z,https://universalis.app/market/3215
3218,Vintage Haubergeon,Rozushi Mistwalker,30105,1,2024-05-25T02:06:24.000Z,https://universalis.app/market/3218
3229,Carpenter's Gown,Miller Star,8498,1,2024-06-01T09:10:33.000Z,https://universalis.app/market/3229
3230,Blacksmith's Apron,Koznhevikova Teralind,25000,1,2024-06-05T05:09:11.000Z,https://universalis.app/market/3230
3231,Armorer's Gown,Yunalesca Yevon,14400,1,2024-05-17T07:33:12.000Z,https://universalis.app/market/3231
3232,Goldsmith's Doublet,Verity Valen,39999,1,2024-05-23T04:11:07.000Z,https://universalis.app/market/3232
3233,Leatherworker's Shirt,K'ali Loweherz,19999,1,2024-05-24T01:35:44.000Z,https://universalis.app/market/3233
3234,Weaver's Swallowtail,Cehora Ameith,19000,1,2024-06-02T05:40:59.000Z,https://universalis.app/market/3234
3235,Alchemist's Coat,Tiamat Dragonhart,19950,1,2024-06-07T01:44:36.000Z,https://universalis.app/market/3235
3236,Culinarian's Apron,Allor Cedar,60000,1,2024-05-22T22:07:57.000Z,https://universalis.app/market/3236
3237,Miner's Shirt,Omega Everfrost,60000,1,2024-05-24T21:22:41.000Z,https://universalis.app/market/3237
3238,Botanist's Doublet,Yomi Jompker,69950,1,2024-05-30T03:07:00.000Z,https://universalis.app/market/3238
3239,Fisher's Shirt,Blake Darkblade,49999,1,2024-05-25T10:44:58.000Z,https://universalis.app/market/3239
3240,Militia Robe,Levolta Sven,1500,1,2024-06-08T01:14:27.000Z,https://universalis.app/market/3240
3241,Militia Cuirass,Laavi Lazulite,3999,1,2024-05-23T03:23:29.000Z,https://universalis.app/market/3241
