id,name,buyerName,pricePerUnit,quantity,timestamp,universalisUrl
1602,Bronze Bastard Sword,Totty Mcfly,47500000,1,2024-02-07T02:03:59.000Z,https://universalis.app/market/1602
2,Fire Shard,Gussi Linx,650,44,2024-02-06T04:51:41.000Z,https://universalis.app/market/2
5,Earth Shard,Azazel Blaze,111,6999,2024-02-07T15:22:44.000Z,https://universalis.app/market/5
5056,Bronze Ingot,Azreal Kagenou,1001,30,2024-02-05T03:35:23.000Z,https://universalis.app/market/5056
5361,Maple Lumber,Drogon Zaldrizes',900,1,2024-02-06T12:56:10.000Z,https://universalis.app/market/5361
5432,Bone Chip,Zacharius Saerion,350,1,2024-02-06T20:20:41.000Z,https://universalis.app/market/5432
1603,Viking Sword,Z'uan Nyx,18004,1,2024-02-12T10:57:25.000Z,https://universalis.app/market/1603
5275,Leather,Blenine Eryut,790,94,2024-01-20T15:44:17.000Z,https://universalis.app/market/5275
1604,Ash Macuahuitl,Pat Plays,350,1,2024-01-31T05:32:22.000Z,https://universalis.app/market/1604
3,Ice Shard,Drew Devorna,90,23,2024-02-04T07:32:40.000Z,https://universalis.app/market/3
4,Wind Shard,Ms Eldari,175,55,2024-01-27T04:34:28.000Z,https://universalis.app/market/4
5124,Obsidian,Evelyn Summers,300,10,2024-02-05T02:45:59.000Z,https://universalis.app/market/5124
5364,Ash Lumber,Zyraia Ilzekai,1002,4,2024-02-09T09:29:06.000Z,https://universalis.app/market/5364
1605,Bronze Spatha,Vain Zaileen,25000000,1,2024-02-08T18:21:01.000Z,https://universalis.app/market/1605
5276,Hard Leather,Sett Tayuun,1000,1,2024-01-23T05:11:05.000Z,https://universalis.app/market/5276
5434,Ram Horn,Fibit Lancaster,33001,1,2024-02-09T22:55:12.000Z,https://universalis.app/market/5434
1607,Brass Bastard Sword,Myztic Quest,4000,1,2024-01-26T10:44:57.000Z,https://universalis.app/market/1607
5063,Brass Ingot,Tuan Nguyen,3000,1,2024-02-04T22:11:37.000Z,https://universalis.app/market/5063
1609,Brass Viking Sword,Tabius Korinthos,10000,1,2024-02-02T16:13:09.000Z,https://universalis.app/market/1609
5277,Aldgoat Leather,T'zolah Nunh,5000,1,2024-01-30T02:35:42.000Z,https://universalis.app/market/5277
1611,Carnage Sword,Sane Kaiser,497,1,2024-01-22T02:26:38.000Z,https://universalis.app/market/1611
1614,Iron Shortsword,Meku'tan Zeltano,800,1,2024-01-27T05:03:41.000Z,https://universalis.app/market/1614
5057,Iron Ingot,Alka Zelka,1500,11,2024-01-21T21:05:02.000Z,https://universalis.app/market/5057
5367,Elm Lumber,Keeng Taswell,2000,3,2024-01-30T04:57:27.000Z,https://universalis.app/market/5367
1622,Iron Spatha,Raven Gall,999,1,2024-01-18T06:47:04.000Z,https://universalis.app/market/1622
5435,Antelope Horn,Depressed Kitty,4000,2,2024-02-11T19:49:19.000Z,https://universalis.app/market/5435
1625,Steel Broadsword,Karasyn Malice,15000,1,2024-01-27T14:19:29.000Z,https://universalis.app/market/1625
5058,Steel Ingot,Sunny Milk,2500,1,2024-01-22T07:05:22.000Z,https://universalis.app/market/5058
5371,Walnut Lumber,Uni Sakura,4000,10,2024-01-18T21:29:46.000Z,https://universalis.app/market/5371
5444,Wolf Fang,Araya Stormborn,2800,6,2024-02-10T21:15:46.000Z,https://universalis.app/market/5444
1627,Elm Macuahuitl,Zenith Sagan,2499,1,2024-02-03T23:50:25.000Z,https://universalis.app/market/1627
1633,Steel Falchion,Rias Agnarsdottir,85000,1,2024-01-27T03:38:49.000Z,https://universalis.app/market/1633
5260,Siltstone Whetstone,Motoko Kusanyagi,1599,2,2024-01-24T03:06:33.000Z,https://universalis.app/market/5260
1635,Vintage Bastard Sword,Elena Leffel,19999,1,2024-01-19T16:03:10.000Z,https://universalis.app/market/1635
8,Fire Crystal,Alka Zelka,100,2400,2024-02-02T21:42:23.000Z,https://universalis.app/market/8
1606,Blunt Bastard Sword,Snowhti Fleurdelis,500,1,2024-01-22T03:07:59.000Z,https://universalis.app/market/1606
5259,Mudstone Whetstone,Alaria Bajhiri,1052,1,2024-01-24T00:38:34.000Z,https://universalis.app/market/5259
1637,Walnut Macuahuitl,Barf Slurp,5001,1,2024-01-23T02:25:21.000Z,https://universalis.app/market/1637
5125,Wyvern Obsidian,Donovan Killinger,1200,15,2024-02-08T06:46:36.000Z,https://universalis.app/market/5125
1639,Steel Longsword,Ishii Utatsuki,10000,1,2024-01-26T13:59:50.000Z,https://universalis.app/market/1639
5504,Fish Glue,Home Depot,3400,1,2024-02-09T09:52:13.000Z,https://universalis.app/market/5504
1642,Goblin Scimitar,Thestalos Pendragon,9000,1,2024-01-25T04:58:36.000Z,https://universalis.app/market/1642
1613,Blunt Goblin Scimitar,Therion Haken,993,1,2024-01-27T20:40:51.000Z,https://universalis.app/market/1613
1643,Mythril Broadsword,Hann Rumyr,10000,1,2024-01-20T22:10:38.000Z,https://universalis.app/market/1643
5065,Mythril Ingot,Setsuna Nara,3311,4,2024-01-20T22:20:38.000Z,https://universalis.app/market/5065
5373,Oak Lumber,Jack Korvyne,2500,10,2024-01-30T02:30:57.000Z,https://universalis.app/market/5373
1648,Vintage Viking Sword,Komachi Onozuka,34250,1,2024-01-18T23:58:58.000Z,https://universalis.app/market/1648
11,Earth Crystal,Shwartz Soul,200,50,2024-01-18T04:42:08.000Z,https://universalis.app/market/11
1616,Nicked Viking Sword,Minty Sky,12000,1,2024-01-24T19:26:39.000Z,https://universalis.app/market/1616
1649,Goblin Longsword,Elia Nerok,20000,1,2024-01-19T15:24:42.000Z,https://universalis.app/market/1649
1621,Blunt Goblin Longsword,Yai Kazumie,5000,1,2024-01-31T11:15:02.000Z,https://universalis.app/market/1621
5262,Basilisk Whetstone,Ahnstah Dalamiq,5002,2,2024-02-04T22:42:45.000Z,https://universalis.app/market/5262
1650,Plumed Oak Macuahuitl,Yugi Sama,800235000,1,2024-01-19T04:34:34.000Z,https://universalis.app/market/1650
5360,Wildfowl Feather,Stevie Thomas,10000,4,2024-01-22T20:18:14.000Z,https://universalis.app/market/5360
1657,Cobalt Katzbalger,Talon Karde,2000,1,2024-01-19T03:35:33.000Z,https://universalis.app/market/1657
5059,Cobalt Ingot,Rycic Ceb,5000,2,2024-02-11T04:02:14.000Z,https://universalis.app/market/5059
5066,Electrum Ingot,Maria Noob,15000,5,2024-01-19T21:15:39.000Z,https://universalis.app/market/5066
5282,Boar Leather,Ren Dracht,6000,1,2024-01-27T03:05:59.000Z,https://universalis.app/market/5282
1659,Cobalt Shamshir,Leah Valentine,49999,1,2024-01-20T21:10:43.000Z,https://universalis.app/market/1659
5436,Aldgoat Horn,Biggest Lalafell,1000,9,2024-01-24T21:01:04.000Z,https://universalis.app/market/5436
1663,Cobalt Winglet,Baiken Mito,49999,1,2024-01-29T01:37:29.000Z,https://universalis.app/market/1663
5374,Mahogany Lumber,Alosin Clarygin,3500,1,2024-01-19T06:45:22.000Z,https://universalis.app/market/5374
5465,Sunrise Tellin,Lord Asher,1000,97,2024-02-12T20:09:01.000Z,https://universalis.app/market/5465
5505,Horn Glue,Agrael Cousland,8500,1,2024-02-06T19:52:41.000Z,https://universalis.app/market/5505
1666,Giantsgall Longsword,Nyanta Shiroe,18000,1,2024-02-05T19:46:04.000Z,https://universalis.app/market/1666
18,Lightning Cluster,Willo Ren,1001,121,2024-02-07T05:06:03.000Z,https://universalis.app/market/18
19,Water Cluster,Remi Malqir,2340,25,2024-02-12T04:22:00.000Z,https://universalis.app/market/19
7620,Diluted Vitriol,J'wehli Fasaxo,1500,1,2024-02-10T19:11:25.000Z,https://universalis.app/market/7620
1670,Aeolian Scimitar,Utsuro Zen'no-sha,59800,1,2024-01-21T07:16:47.000Z,https://universalis.app/market/1670
1636,Blunt Aeolian Scimitar,Ms Eldari,1795,1,2024-01-30T10:12:17.000Z,https://universalis.app/market/1636
5061,Darksteel Nugget,Drasinda Trisadel,4979,20,2024-02-03T04:39:09.000Z,https://universalis.app/market/5061
1673,Mailbreaker,Kettu Vos,10000,1,2024-02-11T09:12:53.000Z,https://universalis.app/market/1673
14,Fire Cluster,Ayase Mori,399,3500,2024-02-09T21:30:05.000Z,https://universalis.app/market/14
17,Earth Cluster,Sore Yori,144,3000,2024-02-14T10:06:50.000Z,https://universalis.app/market/17
5068,Rose Gold Nugget,Kaneko Kyriedark,5500,1,2024-02-04T07:13:26.000Z,https://universalis.app/market/5068
5288,Hippogryph Leather,Goddess Kiki,40000,1,2024-02-11T22:08:37.000Z,https://universalis.app/market/5288
5570,Mailbreaker Blade,Didrianna Winterset,2024,2,2024-01-19T04:26:18.000Z,https://universalis.app/market/5570
1681,Bone Hora,F'daora Zeniv,20000,1,2024-01-23T03:04:25.000Z,https://universalis.app/market/1681
5318,Animal Sinew,Akagi Shirogane,1500,2,2024-01-26T00:35:45.000Z,https://universalis.app/market/5318
1682,Leather Himantes,Noctis Shadowsong,9003,1,2024-02-05T18:04:32.000Z,https://universalis.app/market/1682
5324,Undyed Hempen Cloth,Z'uan Nyx,500,67,2024-02-13T13:08:53.000Z,https://universalis.app/market/5324
1683,Ramhorn Claws,Rokuyari Malaguld,5000,1,2024-02-11T22:16:16.000Z,https://universalis.app/market/1683
1684,Bronze Knuckles,Yuri Fujiwara,25000,1,2024-01-31T23:09:48.000Z,https://universalis.app/market/1684
1685,Hard Leather Himantes,Stellarr Maxine,200,1,2024-01-28T20:18:08.000Z,https://universalis.app/market/1685
1686,Brass Knuckles,Anaselina La'luna,5000,1,2024-01-28T19:17:00.000Z,https://universalis.app/market/1686
1688,Goatskin Cesti,Austyn Kiwamitora,25000,1,2024-02-10T20:30:11.000Z,https://universalis.app/market/1688
5319,Beast Sinew,Agrael Cousland,1240,1,2024-01-30T16:38:14.000Z,https://universalis.app/market/5319
1694,Spiked Knuckles,Althea Valorenzzz,5000,1,2024-01-29T05:44:34.000Z,https://universalis.app/market/1694
5072,Iron Plate,Logan Fox,650,99,2024-02-14T03:32:10.000Z,https://universalis.app/market/5072
1697,Toadskin Cesti,Sigurd Snow-hair,30000,1,2024-01-21T16:23:04.000Z,https://universalis.app/market/1697
5280,Toad Leather,Azazel Blaze,4000,10,2024-02-07T08:45:41.000Z,https://universalis.app/market/5280
5320,Diremite Sinew,Xau Relanah,2200,42,2024-02-05T23:05:01.000Z,https://universalis.app/market/5320
1699,Steel Claws,Astra Mikage,9000,1,2024-01-19T23:55:33.000Z,https://universalis.app/market/1699
5073,Steel Plate,Agrael Cousland,2001,1,2024-01-30T15:30:58.000Z,https://universalis.app/market/5073
1706,Crabshell Hora,Fishtara Moonsong,18999,1,2024-01-26T14:27:58.000Z,https://universalis.app/market/1706
5321,Hippogryph Sinew,Amy Scabbia,499,99,2024-01-23T17:47:15.000Z,https://universalis.app/market/5321
5456,Green Megalocrab Shell,Magdalena Bay,50,1,2024-02-04T03:44:08.000Z,https://universalis.app/market/5456
1708,Boarskin Himantes,Raikyo Deus,12000,1,2024-01-19T14:09:22.000Z,https://universalis.app/market/1708
1711,Mythril Claws,Venus Rising,125000,1,2024-01-25T10:47:57.000Z,https://universalis.app/market/1711
5079,Mythril Plate,Letra Stratus,5000,2,2024-02-10T19:14:25.000Z,https://universalis.app/market/5079
1716,Tortoiseshell Hora,Calalorne Whisperwind,5000,1,2024-01-18T12:11:28.000Z,https://universalis.app/market/1716
5322,Raptor Sinew,Lenore Bavarois,3001,26,2024-02-01T21:12:56.000Z,https://universalis.app/market/5322
5458,Adamantoise Shell,Denauli Ito,10,2,2024-01-28T19:17:00.000Z,https://universalis.app/market/5458
1723,Cobalt Knuckles,Cecilia Dragur,40000,1,2024-01-23T00:06:53.000Z,https://universalis.app/market/1723
1728,Peisteskin Cesti,Zeronius Sane,6003,1,2024-02-04T23:43:30.000Z,https://universalis.app/market/1728
5284,Peiste Leather,Mika Kitt,466,1,2024-02-03T06:23:52.000Z,https://universalis.app/market/5284
1701,Chipped Hora,Biggest Lalafell,2000,1,2024-01-26T18:02:37.000Z,https://universalis.app/market/1701
5285,Raptor Leather,Strawberry Short'cake,999,1,2024-01-26T13:00:01.000Z,https://universalis.app/market/5285
1733,Cobalt Claws,Bunana Bread,25000,1,2024-01-22T04:22:58.000Z,https://universalis.app/market/1733
5074,Cobalt Plate,Drasinda Trisadel,5000,2,2024-02-03T03:58:26.000Z,https://universalis.app/market/5074
1736,Giantsgall Claws,Nyanta Shiroe,3065,1,2024-02-05T17:56:17.000Z,https://universalis.app/market/1736
1740,Wildling's Cesti,Beidou Veras,19998,1,2024-01-21T23:14:45.000Z,https://universalis.app/market/1740
10,Wind Crystal,Tahlia Entialpoh,175,55,2024-01-24T00:02:51.000Z,https://universalis.app/market/10
5567,Bloody Cesti Covers,Biggest Lalafell,2350,1,2024-02-05T20:35:48.000Z,https://universalis.app/market/5567
1743,Avengers,Fulha Mhinfhixa,3991,1,2024-01-22T08:17:41.000Z,https://universalis.app/market/1743
5378,Spruce Lumber,Primo Shibunuri,5999,9,2024-01-21T17:26:59.000Z,https://universalis.app/market/5378
5571,Avenger Grips,Didrianna Winterset,2124,2,2024-01-19T04:26:28.000Z,https://universalis.app/market/5571
1750,Bronze War Axe,Rin Azzy,21105,1,2024-02-02T01:35:32.000Z,https://universalis.app/market/1750
1751,Bronze Labrys,Evelyn Summers,5950,1,2024-02-12T02:13:04.000Z,https://universalis.app/market/1751
1752,Cloud Axe,Asa Vidar,25000,1,2024-01-26T03:50:07.000Z,https://universalis.app/market/1752
1753,Spiked Bronze Labrys,Amaterasu Keahi,15000,1,2024-01-26T00:25:17.000Z,https://universalis.app/market/1753
1754,Iron War Axe,Momiji Hikaru,24999,1,2024-01-22T22:45:52.000Z,https://universalis.app/market/1754
1756,Iron Labrys,Momiji Hikaru,10000,1,2024-01-22T22:46:02.000Z,https://universalis.app/market/1756
1758,Inferno Axe,Khorso Greyden,50000,1,2024-01-24T20:28:15.000Z,https://universalis.app/market/1758
1764,Iron Bill,Melvin Monroe,790,1,2024-01-27T07:37:27.000Z,https://universalis.app/market/1764
4856,Clove Oil,Cipher Mss,1000,10,2024-01-25T05:06:50.000Z,https://universalis.app/market/4856
5368,Yew Lumber,Esmeray Minxx,700,28,2024-01-31T06:45:52.000Z,https://universalis.app/market/5368
1766,Thunderstorm Axe,Momiji Hikaru,1001,1,2024-01-22T22:46:20.000Z,https://universalis.app/market/1766
5064,Silver Ingot,Bobbo Bobbington,4000,1,2024-01-20T05:09:49.000Z,https://universalis.app/market/5064
1769,Spiked Steel Labrys,Cornelius Crown,4000,1,2024-01-19T06:05:04.000Z,https://universalis.app/market/1769
1776,Steel Bardiche,Zansetsu Botan,14250,1,2024-01-28T10:50:51.000Z,https://universalis.app/market/1776
5405,Yew Branch,Volt Silvers,500,1,2024-01-22T03:11:28.000Z,https://universalis.app/market/5405
1778,Steel Bhuj,Viola Harpsachord,40000,1,2024-01-27T17:06:34.000Z,https://universalis.app/market/1778
1781,Spiked Mythril Labrys,Cornelius Crown,27250,1,2024-01-25T06:53:01.000Z,https://universalis.app/market/1781
1786,Mythril Bhuj,Azazel Blaze,10700,1,2024-02-10T22:49:41.000Z,https://universalis.app/market/1786
1796,Buccaneer's Bardiche,Whiter Knight,40000,1,2024-02-07T04:11:49.000Z,https://universalis.app/market/1796
5414,Rosewood Branch,Merinda Sunrider,300,10,2024-02-07T06:14:26.000Z,https://universalis.app/market/5414
1771,Notched Bill,Therion Haken,6150,1,2024-01-27T20:42:41.000Z,https://universalis.app/market/1771
1801,Demilune Bhuj,Trick Style,7500,1,2024-01-28T14:48:36.000Z,https://universalis.app/market/1801
5196,Jadeite,Karasu Grimtalon,4000,1,2024-02-08T21:08:36.000Z,https://universalis.app/market/5196
1803,Spiked Cobalt Labrys,Ume Oryian,10000,1,2024-01-20T07:02:58.000Z,https://universalis.app/market/1803
5376,Rosewood Lumber,Otoha Kannagi,4000,3,2024-02-12T23:29:26.000Z,https://universalis.app/market/5376
1806,Giantsgall War Axe,Nyanta Shiroe,9200,1,2024-02-05T17:52:35.000Z,https://universalis.app/market/1806
1810,Barbarian's Bardiche,Kira Deth,68800,1,2024-01-31T08:34:43.000Z,https://universalis.app/market/1810
5566,Bloody Bardiche Head,Ms Eldari,2700,1,2024-01-29T04:42:03.000Z,https://universalis.app/market/5566
1813,Rampager,Nyanta Shiroe,3999,1,2024-02-05T17:53:22.000Z,https://universalis.app/market/1813
5075,Darksteel Plate,Maeva Raine,5300,1,2024-02-09T00:17:01.000Z,https://universalis.app/market/5075
5572,Rampager Head,Didri Winterset,2000,2,2024-01-29T03:52:36.000Z,https://universalis.app/market/5572
1820,Bone Harpoon,Tabius Korinthos,5004,1,2024-02-02T13:42:07.000Z,https://universalis.app/market/1820
5503,Animal Glue,Noctis Shadowsong,2000,1,2024-02-05T15:57:47.000Z,https://universalis.app/market/5503
1821,Bronze Spear,Drogon Zaldrizes',8000,1,2024-02-06T12:56:27.000Z,https://universalis.app/market/1821
5482,Fish Oil,Akiko Shiduki,1000,29,2024-02-05T02:26:53.000Z,https://universalis.app/market/5482
1822,Ramhorn Harpoon,Logan Fox,2000,1,2024-01-21T05:31:44.000Z,https://universalis.app/market/1822
1823,Feathered Harpoon,Apollo Fugue,13989,1,2024-01-30T00:48:14.000Z,https://universalis.app/market/1823
5352,Crow Feather,Azazel Blaze,3419,96,2024-02-06T15:31:05.000Z,https://universalis.app/market/5352
5433,Soiled Femur,Silver Yue,169,15,2024-01-31T02:26:37.000Z,https://universalis.app/market/5433
1824,Brass Spear,Komachi Onozuka,2000,1,2024-01-18T20:37:22.000Z,https://universalis.app/market/1824
1825,Iron Spear,Hikari Ryu,58000,1,2024-01-20T16:46:22.000Z,https://universalis.app/market/1825
1827,Iron Lance,Romantic Comedy,20019,1,2024-02-10T18:44:26.000Z,https://universalis.app/market/1827
1833,Iron Guisarme,Logan Fox,20000,1,2024-01-28T03:31:56.000Z,https://universalis.app/market/1833
1836,Silver Battle Fork,Primal Rage,37500000,1,2024-01-21T05:30:10.000Z,https://universalis.app/market/1836
5484,Crab Oil,Xau Relanah,9999,8,2024-02-05T21:55:52.000Z,https://universalis.app/market/5484
1838,Steel Halberd,Derpy Fool,10046,1,2024-02-03T03:26:52.000Z,https://universalis.app/market/1838
1845,Steel Spear,Sigurd Snow-hair,40053,1,2024-01-21T16:24:44.000Z,https://universalis.app/market/1845
1847,Heavy Steel Lance,Phoenix Keahi,40062,1,2024-01-24T21:46:55.000Z,https://universalis.app/market/1847
1850,Yarzonshell Harpoon,Ishtara Moonsong,36345,1,2024-02-07T18:38:27.000Z,https://universalis.app/market/1850
5454,Yellow Yarzon Leg,Taban Sage,190,1,2024-02-12T03:11:59.000Z,https://universalis.app/market/5454
1855,Mythril Lance,Telos Elusi,30000,1,2024-01-27T18:13:10.000Z,https://universalis.app/market/1855
1862,Cobalt Halberd,Marxi Valentine,50000,1,2024-01-18T11:10:16.000Z,https://universalis.app/market/1862
1867,Cobalt Trident,Pink Hiko-sama,34000,1,2024-02-08T07:29:26.000Z,https://universalis.app/market/1867
5486,Shark Oil,Mae Iharu,7500,1,2024-01-26T01:13:06.000Z,https://universalis.app/market/5486
1871,Vintage Guisarme,Ink Blot,5000,1,2024-02-04T07:31:58.000Z,https://universalis.app/market/1871
9,Ice Crystal,Roxy Dazes,191,2001,2024-01-24T00:45:39.000Z,https://universalis.app/market/9
1840,Crooked Guisarme,Living Sky,8000,1,2024-02-04T02:30:23.000Z,https://universalis.app/market/1840
1872,Hart Guisarme,Phoenix Keahi,30000,1,2024-02-03T22:25:38.000Z,https://universalis.app/market/1872
1875,Giantsgall Trident,Elysium Xaveriell,10000,1,2024-02-07T00:48:05.000Z,https://universalis.app/market/1875
1879,Champion's Lance,Shelly Applebum,60000,1,2024-01-28T08:07:10.000Z,https://universalis.app/market/1879
5565,Bloody Lance Head,Draco Evelard,4500,1,2024-02-04T23:06:59.000Z,https://universalis.app/market/5565
1882,Obelisk,Khisanth Teralind,7899,1,2024-02-07T09:12:14.000Z,https://universalis.app/market/1882
5573,Obelisk Head,Didri Winterset,2000,2,2024-01-29T03:52:41.000Z,https://universalis.app/market/5573
1891,Maple Shortbow,F'daora Zeniv,9001,1,2024-01-23T03:04:51.000Z,https://universalis.app/market/1891
5333,Hempen Yarn,Amara Haddox,199,2,2024-02-07T03:07:11.000Z,https://universalis.app/market/5333
1892,Maple Longbow,Night- Runner,9006,1,2024-01-21T16:11:34.000Z,https://universalis.app/market/1892
5396,Maple Branch,Hydira Veltryx,101,11,2024-02-09T18:39:34.000Z,https://universalis.app/market/5396
1893,Plumed Maple Shortbow,Puddi Tatt,500,1,2024-02-04T04:00:40.000Z,https://universalis.app/market/1893
5351,Cock Feather,Amelia Roseblood,300,9,2024-02-09T05:51:29.000Z,https://universalis.app/market/5351
1894,Wrapped Maple Longbow,Derpy Fool,1000,1,2024-01-30T05:28:04.000Z,https://universalis.app/market/1894
5402,Ash Branch,Polli Cannoli,1000,3,2024-02-12T00:38:44.000Z,https://universalis.app/market/5402
1895,Ash Shortbow,Eros Philos,12000,1,2024-01-27T07:39:43.000Z,https://universalis.app/market/1895
1897,Elm Longbow,Puddi Tatt,10016,1,2024-02-04T08:05:39.000Z,https://universalis.app/market/1897
5334,Cotton Yarn,Fibit Lancaster,550001,1,2024-02-10T01:57:01.000Z,https://universalis.app/market/5334
1899,Elm Velocity Bow,Althrael Wrynn,5000,1,2024-01-23T01:55:57.000Z,https://universalis.app/market/1899
1905,Wrapped Elm Longbow,Alain Kazpa,4990,1,2024-02-01T19:41:53.000Z,https://universalis.app/market/1905
1908,Ash Composite Bow,Puddi Tatt,7741,1,2024-02-05T01:55:56.000Z,https://universalis.app/market/1908
1915,Ash Cavalry Bow,Day Dreams,40000,1,2024-02-14T21:54:53.000Z,https://universalis.app/market/1915
5409,Oak Branch,Nirici Icirin,1000,1,2024-02-01T12:05:53.000Z,https://universalis.app/market/5409
1917,Oak Longbow,Mide Mizuki,39500,1,2024-01-21T02:27:54.000Z,https://universalis.app/market/1917
5336,Linen Yarn,Osric Dracht,1299,11,2024-02-12T01:58:00.000Z,https://universalis.app/market/5336
1920,Mythril Cavalry Bow,Sigurd Snow-hair,57000,1,2024-01-28T21:23:48.000Z,https://universalis.app/market/1920
1925,Oak Composite Bow,Vickaria Tatsuya,39980,1,2024-01-19T05:36:34.000Z,https://universalis.app/market/1925
1932,Cobalt Cavalry Bow,Yuqi Grace,28000,1,2024-01-22T23:54:57.000Z,https://universalis.app/market/1932
1937,Yew Longbow,Aquaphoenix Down,50102,1,2024-01-26T22:55:22.000Z,https://universalis.app/market/1937
1910,Warped Bow,Rio Fayte,15000,1,2024-01-31T08:28:55.000Z,https://universalis.app/market/1910
1942,Crab Bow,Verro Sync,80000,1,2024-01-21T21:23:33.000Z,https://universalis.app/market/1942
5462,Red Coral,Xyn'phandell Valduir,5000,3,2024-02-03T20:47:12.000Z,https://universalis.app/market/5462
1945,Giantsgall Longbow,Chansey Highwind,1500,1,2024-01-27T05:35:37.000Z,https://universalis.app/market/1945
1949,Longarm's Composite Bow,Stealth Shadow,56499,1,2024-01-21T08:41:20.000Z,https://universalis.app/market/1949
5568,Bloody Bow Rim,Rio Fayte,25016,1,2024-01-31T08:30:49.000Z,https://universalis.app/market/5568
1953,Sarnga,Nyanta Shiroe,5165,1,2024-02-05T19:26:10.000Z,https://universalis.app/market/1953
15,Ice Cluster,Remi Malqir,45,201,2024-02-12T04:20:55.000Z,https://universalis.app/market/15
16,Wind Cluster,Elladen Lossehelin,290,600,2024-02-10T16:33:05.000Z,https://universalis.app/market/16
5574,Sarnga Limb,Didrianna Winterset,2200,1,2024-01-19T04:26:53.000Z,https://universalis.app/market/5574
1958,Maple Wand,Aki Zero,15000,1,2024-01-18T02:40:16.000Z,https://universalis.app/market/1958
6,Lightning Shard,Alka Zelka,1000,1000,2024-01-21T21:57:35.000Z,https://universalis.app/market/6
7,Water Shard,Fufoo Tym,175,55,2024-01-24T01:05:58.000Z,https://universalis.app/market/7
5470,Growth Formula Alpha,Mika Kitt,2499,1,2024-02-08T14:21:02.000Z,https://universalis.app/market/5470
1959,Whispering Maple Wand,Versai Tenebria,29999,1,2024-01-25T05:57:30.000Z,https://universalis.app/market/1959
1960,Budding Maple Wand,Anima Shu,10499,1,2024-02-02T12:32:09.000Z,https://universalis.app/market/1960
5492,Beastkin Blood,Biggest Lalafell,100,7,2024-02-02T23:47:01.000Z,https://universalis.app/market/5492
1961,Ash Wand,Maddy Starweaver,20009,1,2024-01-30T19:45:19.000Z,https://universalis.app/market/1961
5471,Growth Formula Beta,Sett Tayuun,3000,2,2024-01-24T21:13:48.000Z,https://universalis.app/market/5471
1963,Budding Ash Wand,Rykku Arkwright,15015,1,2024-02-02T18:19:09.000Z,https://universalis.app/market/1963
1965,Whispering Ash Wand,Myztic Quest,5000,1,2024-01-25T20:10:02.000Z,https://universalis.app/market/1965
5493,Scalekin Blood,Missy Cayden,2600,2,2024-02-10T23:50:24.000Z,https://universalis.app/market/5493
1967,Yew Wand,Bridgitte Lightslayer,9000,1,2024-01-29T20:28:14.000Z,https://universalis.app/market/1967
1969,Budding Yew Wand,Yugo Jenkins,15001,1,2024-02-01T23:19:52.000Z,https://universalis.app/market/1969
1971,Budding Oak Wand,Phoenix Keahi,40050,1,2024-01-29T22:12:46.000Z,https://universalis.app/market/1971
4603,Hi-Potion of Mind,Cirex Leonis,2222,2,2024-01-29T19:18:48.000Z,https://universalis.app/market/4603
1974,Wand of Frost,Elehayym Kaslana,18000,1,2024-02-12T23:44:18.000Z,https://universalis.app/market/1974
5199,Eye of Ice,Orla Mhin,75,2,2024-01-29T02:18:00.000Z,https://universalis.app/market/5199
5472,Growth Formula Gamma,Khaja Mol,3800,1,2024-01-24T22:38:29.000Z,https://universalis.app/market/5472
1976,Wand of Tremors,Sirrom Dareth,20000,1,2024-01-24T20:17:44.000Z,https://universalis.app/market/1976
5201,Eye of Earth,Veezra Silksong,8000,1,2024-02-07T03:12:44.000Z,https://universalis.app/market/5201
1978,Wand of Tides,Burburneto Bigbaggins,20000,1,2024-01-24T02:06:25.000Z,https://universalis.app/market/1978
5203,Eye of Water,Jacob Storm,34,2,2024-01-24T02:11:25.000Z,https://universalis.app/market/5203
1981,Wand of Flames,Zelda Faye,9000,1,2024-02-12T17:21:16.000Z,https://universalis.app/market/1981
5198,Eye of Fire,Reede Djt-dvre,58000,1,2024-02-11T21:30:24.000Z,https://universalis.app/market/5198
1983,Wand of Gales,Iona Callon,19900,1,2024-02-05T01:50:01.000Z,https://universalis.app/market/1983
5200,Eye of Wind,Autumn Dawn,3000,1,2024-02-10T08:07:40.000Z,https://universalis.app/market/5200
1985,Wand of Storms,Riven Nova,18799,1,2024-02-11T03:16:30.000Z,https://universalis.app/market/1985
5202,Eye of Lightning,Pan D'saul,30,1,2024-01-31T21:32:41.000Z,https://universalis.app/market/5202
1987,Budding Rosewood Wand,Koro Kayu,59999,1,2024-01-25T09:06:07.000Z,https://universalis.app/market/1987
4608,Mega-Potion of Mind,Khaja Mol,10000,1,2024-01-25T00:03:22.000Z,https://universalis.app/market/4608
5494,Spoken Blood,Marxi Valentine,2000,7,2024-01-18T11:10:50.000Z,https://universalis.app/market/5494
1996,Maple Cane,Tabius Korinthos,21005,1,2024-02-02T14:47:42.000Z,https://universalis.app/market/1996
1997,Maple Crook,Cooppo Young,21107,1,2024-01-18T12:17:30.000Z,https://universalis.app/market/1997
1998,Ash Radical,Zendus Pendragon,2900,1,2024-02-04T21:25:13.000Z,https://universalis.app/market/1998
2000,Elm Cane,Fluffy Doughnut,1018,1,2024-01-19T03:14:09.000Z,https://universalis.app/market/2000
2002,Elm Crook,Lady Valkyrie,2232,1,2024-02-02T22:38:06.000Z,https://universalis.app/market/2002
2004,Yew Radical,Achilles Thetis,58000,1,2024-01-27T21:36:44.000Z,https://universalis.app/market/2004
2010,Pastoral Yew Cane,Apollo Fugue,20026,1,2024-02-05T18:22:36.000Z,https://universalis.app/market/2010
2011,Yew Crook,Kiwi Teawi,9031,1,2024-01-28T16:01:09.000Z,https://universalis.app/market/2011
2015,Walnut Cane,Kiriko Shinsetsu,31156,1,2024-01-29T20:39:21.000Z,https://universalis.app/market/2015
2021,Plumed Yew Crook,Reina Vii,30057,1,2024-01-20T01:57:12.000Z,https://universalis.app/market/2021
2023,Oak Radical,Lyra Bell,58000,1,2024-01-29T23:49:01.000Z,https://universalis.app/market/2023
2026,Pastoral Oak Cane,Tabius Korinthos,58000,1,2024-02-02T14:38:59.000Z,https://universalis.app/market/2026
2030,Sprouting Rosewood Radical,Capulus Tempus,76000,1,2024-01-29T23:17:42.000Z,https://universalis.app/market/2030
2039,Jade Crook,Anima Shu,48000,1,2024-01-20T10:30:26.000Z,https://universalis.app/market/2039
2041,Vintage Cane,Brave Sparrow,15000,1,2024-02-01T15:29:14.000Z,https://universalis.app/market/2041
2014,Splintered Cane,Frey Wargmaw,15000,1,2024-02-07T01:46:17.000Z,https://universalis.app/market/2014
2044,Pastoral Mahogany Cane,Lusserina Vul,30114,1,2024-02-05T22:08:26.000Z,https://universalis.app/market/2044
5335,Dew Thread,Azazel Blaze,9999,99,2024-02-04T22:00:15.000Z,https://universalis.app/market/5335
2047,Tane Mahuta,Rasandria Heavensfall,25000,1,2024-01-22T15:34:15.000Z,https://universalis.app/market/2047
5555,Ochu Vine,Nora Atlas,800,3,2024-02-09T23:51:30.000Z,https://universalis.app/market/5555
2048,Giantsgall Cane,Riven Nova,15000,1,2024-02-11T03:20:50.000Z,https://universalis.app/market/2048
2049,Madman's Whispering Rod,Kelhairnan Tyr,39997,1,2024-01-18T06:14:55.000Z,https://universalis.app/market/2049
12,Lightning Crystal,Amunaptra Atem,175,55,2024-01-26T04:27:16.000Z,https://universalis.app/market/12
13,Water Crystal,Alistair Siegfried,175,55,2024-02-10T11:37:17.000Z,https://universalis.app/market/13
5473,Growth Formula Delta,Lord Valkyrie,10000,10,2024-01-30T22:04:51.000Z,https://universalis.app/market/5473
5537,Thavnairian Mistletoe,Dark Sunshine,700,24,2024-01-31T06:58:01.000Z,https://universalis.app/market/5537
5547,Vampire Plant,Tynave Fanara,300,1,2024-02-01T23:35:15.000Z,https://universalis.app/market/5547
2051,Alkalurops,Nyanta Shiroe,5099,1,2024-02-05T19:15:44.000Z,https://universalis.app/market/2051
5575,Suspended Trillium Flower,Mizuki Rhiki,2396,1,2024-02-08T21:40:04.000Z,https://universalis.app/market/5575
2056,Bone Brand,Tomie Shmayluk,13750,1,2024-02-10T18:13:23.000Z,https://universalis.app/market/2056
5197,Marbled Eye,Caleb Sapphire,400,4,2024-02-07T01:33:27.000Z,https://universalis.app/market/5197
2057,Copper Scepter,Shadow Kuro,5000,1,2024-02-05T01:39:12.000Z,https://universalis.app/market/2057
5062,Copper Ingot,Phoenix Tomioka,105,2,2024-01-20T02:35:46.000Z,https://universalis.app/market/5062
2058,Bronze Scepter,Shadow Kuro,5000,1,2024-02-06T20:20:37.000Z,https://universalis.app/market/2058
2059,Brass Cudgel,Alisa Light,500,1,2024-01-26T10:52:30.000Z,https://universalis.app/market/2059
5258,Ragstone Whetstone,Astray Eclipse,490,13,2024-02-01T21:34:41.000Z,https://universalis.app/market/5258
2063,Wind Brand,Ri Kkore,20000,1,2024-01-21T08:55:32.000Z,https://universalis.app/market/2063
2066,Ice Brand,Janai Keyes,3000,1,2024-02-05T19:20:43.000Z,https://universalis.app/market/2066
2069,Silver Scepter,Korbin Volffen,2000,1,2024-02-06T17:31:20.000Z,https://universalis.app/market/2069
5527,Brimstone,Iintodah Spiedevers,2500,2,2024-02-05T02:04:44.000Z,https://universalis.app/market/5527
2071,Earth Brand,Alys Rhion,21999,1,2024-02-03T17:41:41.000Z,https://universalis.app/market/2071
2076,Decorated Silver Scepter,Alisa Light,4999,1,2024-01-30T22:10:13.000Z,https://universalis.app/market/2076
2078,Fire Brand,Leah Valentine,29999,1,2024-01-19T20:16:30.000Z,https://universalis.app/market/2078
2083,Lightning Brand,Lothric Parhelion,3400,1,2024-01-21T02:14:08.000Z,https://universalis.app/market/2083
2088,Electrum Scepter,Jezzabell Jinx,1798,1,2024-02-10T05:53:45.000Z,https://universalis.app/market/2088
5489,Quicksilver,Caleb Sapphire,1000,6,2024-02-14T03:34:55.000Z,https://universalis.app/market/5489
2093,Vintage Cudgel,Reignmont Davoix,5000,1,2024-01-19T22:00:13.000Z,https://universalis.app/market/2093
2068,Damaged Cudgel,Rio Fayte,3988,1,2024-02-02T02:18:08.000Z,https://universalis.app/market/2068
5092,Iron Rivets,Primo Shibunuri,3000,23,2024-01-21T17:14:41.000Z,https://universalis.app/market/5092
2094,Water Brand,Rishu Syer,18001,1,2024-01-22T21:21:33.000Z,https://universalis.app/market/2094
5168,Jade,Hamburger Help-me,1111,10,2024-02-10T03:53:46.000Z,https://universalis.app/market/5168
5439,Ogre Horn,Estven Fireblood,99,99,2024-01-29T05:31:59.000Z,https://universalis.app/market/5439
2102,Sanguine Scepter,Jenvovas Witness,99999,1,2024-02-07T01:09:40.000Z,https://universalis.app/market/2102
5206,Pinprick Pebble,Ms Eldari,199,1,2024-01-20T12:30:55.000Z,https://universalis.app/market/5206
2106,Bone Staff,A'vanoh Draxtor,4999,1,2024-02-09T20:46:26.000Z,https://universalis.app/market/2106
2107,Ramhorn Staff,Kruxt Foo',4111,1,2024-02-05T05:58:06.000Z,https://universalis.app/market/2107
2108,Decorated Bone Staff,Koretaka Musa,5000,1,2024-01-22T20:01:53.000Z,https://universalis.app/market/2108
5442,Bat Fang,Lorelei Serris,688888,1,2024-02-04T04:00:08.000Z,https://universalis.app/market/5442
2109,Toothed Ramhorn Staff,Barnabas Lasbrot,899,1,2024-01-19T18:05:17.000Z,https://universalis.app/market/2109
2111,Staghorn Staff,Blind Witness,20021,1,2024-02-12T08:08:05.000Z,https://universalis.app/market/2111
2116,Sanguine Horn Staff,Alka Zelka,2000,1,2024-01-20T20:16:28.000Z,https://universalis.app/market/2116
2118,Toothed Staghorn Staff,Danewort Saint,5000,1,2024-01-25T02:33:01.000Z,https://universalis.app/market/2118
2121,Goathorn Staff,Superaerial Ace,3994,1,2024-02-05T19:54:34.000Z,https://universalis.app/market/2121
2123,Toothed Goathorn Staff,Chiull Malqir,15000,1,2024-01-22T07:47:23.000Z,https://universalis.app/market/2123
2125,Horn Staff,Lynn Solstice,20000,1,2024-02-10T19:52:40.000Z,https://universalis.app/market/2125
2130,Black Horn Staff,Phoenix Keahi,5001,1,2024-01-26T00:02:04.000Z,https://universalis.app/market/2130
2133,Ivory Staff,Azazel Blaze,42000,1,2024-02-08T05:19:24.000Z,https://universalis.app/market/2133
2136,Giantsgall Longstaff,Nyanta Shiroe,9999,1,2024-02-05T19:20:06.000Z,https://universalis.app/market/2136
2139,Astrolabe,Nyanta Shiroe,6985,1,2024-02-05T19:20:19.000Z,https://universalis.app/market/2139
5576,Astrolabe Clinometer,Didrianna Winterset,2110,1,2024-01-22T03:47:55.000Z,https://universalis.app/market/5576
2143,Leather Grimoire,Alexandra Kedves,50000,1,2024-02-05T21:18:39.000Z,https://universalis.app/market/2143
5380,Maple Log,Shiki Serene,120,9,2024-01-18T23:15:12.000Z,https://universalis.app/market/5380
5475,Enchanted Copper Ink,Iona Callon,5,1,2024-02-05T06:43:30.000Z,https://universalis.app/market/5475
2144,Maple Picatrix,Anima Shu,10000,1,2024-02-01T09:29:38.000Z,https://universalis.app/market/2144
2145,Engraved Leather Grimoire,Sakyo Kaifu,9999,1,2024-02-06T22:57:41.000Z,https://universalis.app/market/2145
5383,Ash Log,Droxius Terrarious,249,9,2024-01-18T07:18:38.000Z,https://universalis.app/market/5383
2146,Ash Picatrix,Veis Thunderstruck,7000,1,2024-02-10T13:26:04.000Z,https://universalis.app/market/2146
2147,Hard Leather Grimoire,Mike Littleperson,15000,1,2024-01-29T17:36:05.000Z,https://universalis.app/market/2147
5385,Elm Log,Rykku Arkwright,500,2,2024-02-02T17:58:32.000Z,https://universalis.app/market/5385
5476,Enchanted Iron Ink,Jesanna Morningstar,50,2,2024-02-12T00:14:05.000Z,https://universalis.app/market/5476
2149,Engraved Hard Leather Grimoire,Fluffy Doughnut,22000,1,2024-01-28T01:04:08.000Z,https://universalis.app/market/2149
5386,Yew Log,Krusos Aureus,1001,10,2024-01-27T22:36:43.000Z,https://universalis.app/market/5386
2151,Yew Picatrix,Sigurd Snow-hair,30000,1,2024-01-24T14:14:30.000Z,https://universalis.app/market/2151
2156,Goatskin Grimoire,Silver Yue,31000,1,2024-01-20T06:08:45.000Z,https://universalis.app/market/2156
5477,Enchanted Silver Ink,Lorahsande Banehene,10000,2,2024-02-08T11:47:29.000Z,https://universalis.app/market/5477
2160,Engraved Goatskin Grimoire,Honest Evil,18000,1,2024-02-10T02:28:31.000Z,https://universalis.app/market/2160
5388,Walnut Log,Biggest Lalafell,500,7,2024-02-14T01:56:58.000Z,https://universalis.app/market/5388
2166,Book of Silver,Momoka Sayuri,15062,1,2024-02-11T12:02:05.000Z,https://universalis.app/market/2166
5390,Oak Log,Xau Relanah,485,36,2024-02-05T22:05:27.000Z,https://universalis.app/market/5390
2169,Embossed Book of Silver,Momoka Sayuri,10999,1,2024-02-11T12:06:52.000Z,https://universalis.app/market/2169
2174,Book of Mythril,Atticus Skyfire,30000,1,2024-02-01T02:31:19.000Z,https://universalis.app/market/2174
5346,Flax,Valsu Saizer,26000,1,2024-01-28T04:05:39.000Z,https://universalis.app/market/5346
5478,Enchanted Mythril Ink,Anador Tsunareada,1800,1,2024-02-06T05:44:53.000Z,https://universalis.app/market/5478
2184,Vintage Picatrix,Azriel Darkstar,50000,1,2024-01-23T22:22:04.000Z,https://universalis.app/market/2184
2158,Brittle Picatrix,Lycoris Lunaris,4900,1,2024-02-07T18:31:44.000Z,https://universalis.app/market/2158
2185,Book of Electrum,Brandt Lyonhart,19800,1,2024-02-04T05:24:46.000Z,https://universalis.app/market/2185
5337,Woolen Yarn,Honeycrisp Apple,3000,63,2024-02-09T02:17:44.000Z,https://universalis.app/market/5337
5393,Rosewood Log,Trishana O'mogson,409,30,2024-01-23T13:17:23.000Z,https://universalis.app/market/5393
5479,Enchanted Electrum Ink,Aphelion Altrose,300,3,2024-01-18T23:33:32.000Z,https://universalis.app/market/5479
2189,Embossed Book of Electrum,Roselyn Iris,48999,1,2024-02-10T20:20:55.000Z,https://universalis.app/market/2189
2193,Cantamina Thavnaria,Qian Qiu,6165,1,2024-02-10T07:02:39.000Z,https://universalis.app/market/2193
5481,Enchanted Rose Gold Ink,Zieg Dantel,9996,2,2024-02-06T08:11:28.000Z,https://universalis.app/market/5481
2194,Medica Thavnaria,Derpy Fool,1500,1,2024-01-30T04:35:50.000Z,https://universalis.app/market/2194
7587,Faded Tome,Visar Vi,149,1,2024-02-04T03:52:31.000Z,https://universalis.app/market/7587
2201,Erudite's Picatrix of Healing,Kissena Crimes,77999,1,2024-01-18T21:13:18.000Z,https://universalis.app/market/2201
5480,Enchanted Gold Ink,Cake Inspector,5649,2,2024-01-28T01:45:23.000Z,https://universalis.app/market/5480
5569,Bloody Grimoire Binding,Leather Pigpup,3000,1,2024-01-30T04:18:06.000Z,https://universalis.app/market/5569
2202,Erudite's Picatrix of Casting,Kissena Crimes,86499,1,2024-01-18T21:13:05.000Z,https://universalis.app/market/2202
2211,Deus Ex Verbis,Arachne Phobos,4888,1,2024-01-19T00:33:30.000Z,https://universalis.app/market/2211
5338,Silk Thread,Exeo Ryoth,5000,1,2024-02-05T00:42:47.000Z,https://universalis.app/market/5338
2212,Deus Ex Gratia,Ajax Hughes,3160,1,2024-02-11T01:44:24.000Z,https://universalis.app/market/2212
2219,Square Maple Shield,Mide Mizuki,5000,1,2024-01-21T01:41:24.000Z,https://universalis.app/market/2219
5091,Bronze Rivets,Xalnaris Strifee,502,2,2024-02-06T18:43:17.000Z,https://universalis.app/market/5091
12524,Titanium Nugget,Iphiri Mhezzo,450000,36,2024-01-25T20:25:01.000Z,https://universalis.app/market/12524
12529,Titanium Rivets,Alosin Clarygin,15000,3,2024-01-21T02:51:52.000Z,https://universalis.app/market/12529
12658,Dusk Leather,Nyanta Shiroe,450000,1,2024-02-04T02:35:29.000Z,https://universalis.app/market/12658
2226,Bronze Hoplon,Kei Joi,9998,1,2024-01-29T01:44:45.000Z,https://universalis.app/market/2226
5071,Bronze Plate,Sefi Asta,1000,3,2024-02-09T08:35:52.000Z,https://universalis.app/market/5071
2228,Round Shield,Pharos Sigil,9104,1,2024-01-20T20:58:57.000Z,https://universalis.app/market/2228
2229,Leather Targe,Mikey Helmets,204,1,2024-01-21T17:15:11.000Z,https://universalis.app/market/2229
2230,Bronze Scutum,Turnon Tankstance,7104,1,2024-02-05T17:02:54.000Z,https://universalis.app/market/2230
2231,Bronze Buckler,Coco Mora,20000,1,2024-02-05T23:39:22.000Z,https://universalis.app/market/2231
2233,Square Ash Shield,Ime Tachibana,344,1,2024-02-11T19:46:46.000Z,https://universalis.app/market/2233
2236,Iron Hoplon,Home Depot,45000,1,2024-02-09T18:11:11.000Z,https://universalis.app/market/2236
2238,Vintage Square Shield,Reignmont Davoix,20000,1,2024-01-19T22:00:49.000Z,https://universalis.app/market/2238
2224,Worm-eaten Square Shield,Meadhbh Gr'a,10000,1,2024-01-19T20:28:44.000Z,https://universalis.app/market/2224
4859,Cider Vinegar,Maeve Carmine,80,32,2024-01-27T20:11:05.000Z,https://universalis.app/market/4859
2239,Ironclad Bronze Buckler,Fenrir Stormbringer,50000,1,2024-02-12T04:09:25.000Z,https://universalis.app/market/2239
2241,Iron Lantern Shield,Noble Maximus,40000,1,2024-02-06T04:56:50.000Z,https://universalis.app/market/2241
5998,Tallow Candle,Biggest Lalafell,5000,1,2024-01-30T18:58:25.000Z,https://universalis.app/market/5998
2242,Iron Scutum,Salamander Sam,5000,1,2024-01-27T01:35:21.000Z,https://universalis.app/market/2242
2244,Vintage Hoplon,Jubo Malseeco,19000,1,2024-01-26T20:01:15.000Z,https://universalis.app/market/2244
2225,Tarnished Hoplon,Therion Haken,3000,1,2024-01-20T16:41:38.000Z,https://universalis.app/market/2225
2246,Viper-crested Round Shield,Snaffle Watt,5000,1,2024-01-18T21:55:53.000Z,https://universalis.app/market/2246
2248,Iron Kite Shield,Baxter Butterbun,40000,1,2024-01-29T03:20:21.000Z,https://universalis.app/market/2248
2250,Goatskin Targe,Alys Rhion,6000,1,2024-01-30T00:35:05.000Z,https://universalis.app/market/2250
5093,Steel Rivets,Annabelle Sinclaw,5000,25,2024-02-13T20:49:35.000Z,https://universalis.app/market/5093
2257,Bull Hoplon,Rias Agnarsdottir,24999,1,2024-01-27T03:39:04.000Z,https://universalis.app/market/2257
2260,Decorated Buckler,Lune Marpierre,20000,1,2024-01-24T06:57:33.000Z,https://universalis.app/market/2260
2262,Decorated Iron Scutum,General Kale,20000,1,2024-01-25T10:10:07.000Z,https://universalis.app/market/2262
2227,Notched Buckler,March Bell,9999,1,2024-01-26T20:47:35.000Z,https://universalis.app/market/2227
2268,Bladed Lantern Shield,Lup T'aaco,8000,1,2024-01-18T08:28:51.000Z,https://universalis.app/market/2268
2270,Raptorskin Targe,Alka Zelka,40000,1,2024-02-02T01:15:03.000Z,https://universalis.app/market/2270
5099,Mythril Rivets,Orange Juiced,3579,50,2024-02-03T04:45:54.000Z,https://universalis.app/market/5099
2278,Vintage Scutum,Jazz Emeraldsong,20000,1,2024-01-28T02:42:20.000Z,https://universalis.app/market/2278
2279,Cobalt Scutum,Sirrom Dareth,20000,1,2024-01-30T01:09:29.000Z,https://universalis.app/market/2279
5094,Cobalt Rivets,Creve Dai'avi,2500,1,2024-02-01T23:24:31.000Z,https://universalis.app/market/5094
2287,Eagle-crested Round Shield,Cocolima Kokolima,11998,1,2024-01-29T19:40:59.000Z,https://universalis.app/market/2287
2289,Vintage Round Shield,Ariamis Granmeyer,7900,1,2024-01-29T21:50:24.000Z,https://universalis.app/market/2289
2237,Rotting Round Shield,Corpse Zily,4999,1,2024-01-22T17:21:02.000Z,https://universalis.app/market/2237
5228,Ragstone,Lavender Rose,699,1,2024-02-01T01:30:23.000Z,https://universalis.app/market/5228
5517,Lanolin,Tripp Dunhill,679,1,2024-01-31T03:32:57.000Z,https://universalis.app/market/5517
2294,Kite Shield,Reshi Verglas,10000,1,2024-02-02T01:40:22.000Z,https://universalis.app/market/2294
2298,Oxblood Targe,Cid Kagenou,21052,1,2024-02-01T09:56:24.000Z,https://universalis.app/market/2298
2300,Vintage Kite Shield,Alakja Ubmuawesfv,20000,1,2024-01-27T22:18:29.000Z,https://universalis.app/market/2300
2302,Darksteel Scutum,Clive Chadfield,798,1,2024-01-30T10:16:46.000Z,https://universalis.app/market/2302
5060,Darksteel Ingot,Amelia Roseblood,45000,1,2024-02-13T00:38:24.000Z,https://universalis.app/market/5060
5095,Darksteel Rivets,Moonlight Desire,5000,16,2024-01-19T22:13:10.000Z,https://universalis.app/market/5095
2303,Darksteel Buckler,Junko Jin,1175,1,2024-01-28T08:55:19.000Z,https://universalis.app/market/2303
2304,Spruce Round Shield,Hanako Hirako,1099,1,2024-01-27T10:58:20.000Z,https://universalis.app/market/2304
5379,Treated Spruce Lumber,Yuri Fujiwara,59979,8,2024-02-01T04:29:58.000Z,https://universalis.app/market/5379
2315,Bronze Saw,Yuri Fujiwara,4350,1,2024-01-28T02:09:38.000Z,https://universalis.app/market/2315
2316,Amateur's Saw,George Mhakaracca,2000,1,2024-01-22T18:29:25.000Z,https://universalis.app/market/2316
2318,Initiate's Saw,Tataru' Taru,5000,1,2024-01-23T01:07:00.000Z,https://universalis.app/market/2318
2320,Iron Chocobotail Saw,Y'shtara Meowsong,2000,1,2024-02-02T13:19:24.000Z,https://universalis.app/market/2320
2321,Bas-relief Steel Saw,Azie Emet,9995,1,2024-01-26T20:59:42.000Z,https://universalis.app/market/2321
2322,Crosscut Saw,Alaria Bajhiri,3000,1,2024-02-14T02:00:45.000Z,https://universalis.app/market/2322
2323,Mythril Saw,Nnyx Anneth,40000,1,2024-02-12T09:24:03.000Z,https://universalis.app/market/2323
2324,Mythril Chocobotail Saw,Raven Auran,16590,1,2024-02-06T01:03:18.000Z,https://universalis.app/market/2324
2325,Bas-relief Cobalt Saw,Jayden Vaulkner,30000,1,2024-01-18T02:13:22.000Z,https://universalis.app/market/2325
2328,Amateur's Claw Hammer,Anima Shu,2000,1,2024-02-01T09:30:18.000Z,https://universalis.app/market/2328
2329,Bronze Claw Hammer,Rin Azzy,894,1,2024-02-08T00:32:24.000Z,https://universalis.app/market/2329
2331,Iron Claw Hammer,Elextri Natmi,50000,1,2024-02-12T19:12:47.000Z,https://universalis.app/market/2331
5483,Jellyfish Humours,Le Me,500,3,2024-01-31T21:58:14.000Z,https://universalis.app/market/5483
2332,Initiate's Claw Hammer,Ser'a Hart,8000,1,2024-01-31T18:07:27.000Z,https://universalis.app/market/2332
2334,Steel Claw Hammer,Salamander Sam,15000,1,2024-01-29T02:09:20.000Z,https://universalis.app/market/2334
2335,Wrapped Steel Claw Hammer,Phoenix Keahi,5000,1,2024-01-23T21:28:37.000Z,https://universalis.app/market/2335
5485,Linseed Oil,Luca Gambit,3500,1,2024-01-22T08:46:39.000Z,https://universalis.app/market/5485
2337,Mythril Claw Hammer,Stinkin' Lyncoln,9000,1,2024-01-22T05:35:29.000Z,https://universalis.app/market/2337
2338,Cobalt Claw Hammer,Lilly Darc,35000,1,2024-01-21T03:05:11.000Z,https://universalis.app/market/2338
2339,Militia Claw Hammer,Kokojinn Zazajinn,15000,1,2024-01-26T02:03:13.000Z,https://universalis.app/market/2339
2341,Bronze Cross-pein Hammer,Bim Danglefield,10005,1,2024-02-07T00:51:46.000Z,https://universalis.app/market/2341
2342,Amateur's Cross-pein Hammer,Keagyn Rithax,20001,1,2024-01-26T09:22:07.000Z,https://universalis.app/market/2342
2343,Birdsbeak Hammer,Augustus Kane,1700,1,2024-02-01T06:10:43.000Z,https://universalis.app/market/2343
5325,Undyed Cotton Cloth,Luca Gambit,1500,3,2024-01-20T05:14:53.000Z,https://universalis.app/market/5325
2344,Iron Cross-pein Hammer,Whiter Knight,40000,1,2024-02-06T23:11:02.000Z,https://universalis.app/market/2344
2345,Initiate's Cross-pein Hammer,Niviko Elusive,10000,1,2024-02-09T22:10:38.000Z,https://universalis.app/market/2345
2346,Crowsbeak Hammer,Rue L'ette,5000,1,2024-01-19T13:13:26.000Z,https://universalis.app/market/2346
2347,Heavy Crowsbeak Hammer,Momocchi Mocchi,3999,1,2024-01-28T11:38:19.000Z,https://universalis.app/market/2347
2348,Steel Cross-pein Hammer,Ragerin Stormwalker,5900,1,2024-02-04T02:36:00.000Z,https://universalis.app/market/2348
5326,Undyed Velveteen,Adia Amaya,3333,1,2024-02-05T16:15:29.000Z,https://universalis.app/market/5326
2349,Steel Crowsbeak Hammer,Lil Jaguar,20000,1,2024-01-18T01:34:31.000Z,https://universalis.app/market/2349
2350,Wrapped Crowsbeak Hammer,Kujan Kai,40000,1,2024-02-06T12:03:12.000Z,https://universalis.app/market/2350
2351,Cobalt Cross-pein Hammer,Dark Serephim,21000,1,2024-01-27T14:55:11.000Z,https://universalis.app/market/2351
2352,Wrapped Hawksbeak Hammer,Snowhti Fleurdelis,18000,1,2024-01-22T03:38:56.000Z,https://universalis.app/market/2352
2355,Amateur's File,Kuroii Neko,5985,1,2024-01-18T21:31:46.000Z,https://universalis.app/market/2355
2356,Bronze File,Keagyn Rithax,9009,1,2024-01-26T09:22:46.000Z,https://universalis.app/market/2356
2358,Iron File,Angelo Valentine,10000,1,2024-01-24T18:17:09.000Z,https://universalis.app/market/2358
2359,Initiate's File,Niviko Elusive,9998,1,2024-02-09T22:10:28.000Z,https://universalis.app/market/2359
2361,Steel File,Choco Chip,19250,1,2024-01-18T00:56:07.000Z,https://universalis.app/market/2361
2363,Mythril File,Sarangerel Kha,15000,1,2024-01-29T06:26:01.000Z,https://universalis.app/market/2363
2364,Cobalt File,Sunny Milk,25000,1,2024-01-24T06:45:48.000Z,https://universalis.app/market/2364
2365,Militia File,Snowhti Fleurdelis,38000,1,2024-01-22T03:38:34.000Z,https://universalis.app/market/2365
2367,Bronze Doming Hammer,Cerwyn Cassidy,99,1,2024-02-07T05:24:01.000Z,https://universalis.app/market/2367
2368,Amateur's Doming Hammer,Zakiel Deathblade,5000,1,2024-01-24T21:24:40.000Z,https://universalis.app/market/2368
2369,Bronze Raising Hammer,Komachi Onozuka,20011,1,2024-02-08T17:17:48.000Z,https://universalis.app/market/2369
2370,Iron Doming Hammer,Home Depot,4975,1,2024-02-09T18:11:48.000Z,https://universalis.app/market/2370
2371,Initiate's Doming Hammer,Noemig Centim,13020,1,2024-01-28T03:38:46.000Z,https://universalis.app/market/2371
2372,Iron Raising Hammer,Kitteh Darwin,10000,1,2024-01-22T14:55:07.000Z,https://universalis.app/market/2372
2373,Wrapped Iron Raising Hammer,Elextri Natmi,600,1,2024-02-12T22:30:09.000Z,https://universalis.app/market/2373
2374,Steel Doming Hammer,Fishtara Moonsong,15000,1,2024-01-27T12:00:17.000Z,https://universalis.app/market/2374
2375,Steel Raising Hammer,Hjek Wolt,25074,1,2024-02-13T00:35:16.000Z,https://universalis.app/market/2375
2376,Cobalt Doming Hammer,Tiphane Iseterre,20000,1,2024-02-01T04:05:52.000Z,https://universalis.app/market/2376
2377,Cobalt Raising Hammer,Laqima Azzy,30000,1,2024-01-19T20:11:22.000Z,https://universalis.app/market/2377
2380,Amateur's Pliers,Soft Paws,1905,1,2024-02-08T01:04:45.000Z,https://universalis.app/market/2380
2381,Bronze Pliers,Koya Qerel,7445,1,2024-01-24T04:02:01.000Z,https://universalis.app/market/2381
2383,Iron Pliers,Kydo Viridis,15000,1,2024-02-07T02:41:38.000Z,https://universalis.app/market/2383
2384,Initiate's Pliers,Salamander Sam,4000,1,2024-01-27T01:34:52.000Z,https://universalis.app/market/2384
2386,Steel Pliers,Ishii Utatsuki,15000,1,2024-01-25T14:22:14.000Z,https://universalis.app/market/2386
2388,Mythril Pliers,Amaya Keyes,7500,1,2024-01-28T12:00:00.000Z,https://universalis.app/market/2388
2389,Cobalt Pliers,Tiphane Iseterre,15000,1,2024-02-02T16:12:32.000Z,https://universalis.app/market/2389
2390,Militia Pliers,Kiriko Shinsetsu,40000,1,2024-01-29T22:25:18.000Z,https://universalis.app/market/2390
2392,Bronze Chaser Hammer,Apollo Fugue,2398,1,2024-01-28T20:04:27.000Z,https://universalis.app/market/2392
2393,Amateur's Chaser Hammer,Azie Emet,9975,1,2024-01-26T22:02:46.000Z,https://universalis.app/market/2393
2394,Bronze Ornamental Hammer,Coold Winters,2999,1,2024-02-01T07:40:18.000Z,https://universalis.app/market/2394
2395,Iron Chaser Hammer,Althea Valorenzzz,7999,1,2024-02-02T11:38:09.000Z,https://universalis.app/market/2395
2396,Initiate's Chaser Hammer,Gisela Westlake,6000,1,2024-02-07T22:19:34.000Z,https://universalis.app/market/2396
2397,Iron Ornamental Hammer,Angelo Valentine,15000,1,2024-01-24T18:35:27.000Z,https://universalis.app/market/2397
2398,Steel Chaser Hammer,Yuuki Tensei,10046,1,2024-01-27T22:00:09.000Z,https://universalis.app/market/2398
2399,Steel Ornamental Hammer,Overrated Taco,5500,1,2024-02-11T07:27:36.000Z,https://universalis.app/market/2399
2400,Mythril Ornamental Hammer,Amaya Keyes,7000,1,2024-01-28T07:09:51.000Z,https://universalis.app/market/2400
2401,Mythril Lapidary Hammer,Overrated Taco,21192,1,2024-02-11T07:34:46.000Z,https://universalis.app/market/2401
2402,Electrum Lapidary Hammer,Hiora Caligaris,10000,1,2024-01-18T21:36:01.000Z,https://universalis.app/market/2402
5183,Tourmaline,Alka Zelka,5002,2,2024-01-29T21:30:35.000Z,https://universalis.app/market/5183
2405,Amateur's Grinding Wheel,Valentyne Fyunbyun,300,1,2024-01-28T06:26:40.000Z,https://universalis.app/market/2405
2406,Ragstone Grinding Wheel,Superaerial Ace,4009,1,2024-01-24T00:08:08.000Z,https://universalis.app/market/2406
2408,Mudstone Grinding Wheel,King Bucket,20000,1,2024-01-18T17:36:55.000Z,https://universalis.app/market/2408
5229,Mudstone,Drax Ma'ter,1000,1,2024-01-20T04:42:22.000Z,https://universalis.app/market/5229
2409,Initiate's Grinding Wheel,Alka Zelka,20000,1,2024-01-21T19:55:19.000Z,https://universalis.app/market/2409
2411,Siltstone Grinding Wheel,Little Chungus,10000,1,2024-02-10T04:46:39.000Z,https://universalis.app/market/2411
5231,Siltstone,Eris Moonweaver,499,99,2024-02-11T22:17:05.000Z,https://universalis.app/market/5231
2413,Garnet Grinding Wheel,Eji Hotgo,6000,1,2024-01-22T15:17:47.000Z,https://universalis.app/market/2413
5134,Raw Garnet,Biggest Lalafell,1000,2,2024-02-03T00:36:32.000Z,https://universalis.app/market/5134
2414,Basilisk Grinding Wheel,Leggo Myaggro,67669,1,2024-02-03T10:22:52.000Z,https://universalis.app/market/2414
5263,Basilisk Egg,Bethov Thy,2000,1,2024-01-21T16:35:03.000Z,https://universalis.app/market/5263
2415,Militia Grinding Wheel,Amiella Alba,28900,1,2024-01-19T13:19:38.000Z,https://universalis.app/market/2415
5158,Astral Rock,Etsaru Celeste,6999,3,2024-01-27T15:41:28.000Z,https://universalis.app/market/5158
2417,Bronze Head Knife,Therion Haken,2000,1,2024-01-20T15:02:14.000Z,https://universalis.app/market/2417
2418,Amateur's Head Knife,Shin Black,1849,1,2024-01-26T03:39:08.000Z,https://universalis.app/market/2418
2419,Brass Head Knife,Lilly Redwine,6500,1,2024-01-20T04:42:05.000Z,https://universalis.app/market/2419
2420,Initiate's Head Knife,Niviko Elusive,11998,1,2024-02-09T22:12:24.000Z,https://universalis.app/market/2420
2421,Iron Round Knife,Ash Blueflame,10026,1,2024-01-28T22:08:34.000Z,https://universalis.app/market/2421
2422,Iron Head Knife,Rutabaga Snaappysnap,235,1,2024-02-04T07:30:48.000Z,https://universalis.app/market/2422
2423,Silver Head Knife,Alynde Cirha,9993,1,2024-02-11T22:34:20.000Z,https://universalis.app/market/2423
2424,Steel Round Knife,Tesah Sovi,700,1,2024-02-05T02:53:23.000Z,https://universalis.app/market/2424
2425,Mythril Head Knife,Baiken Mito,6000,1,2024-01-19T00:47:11.000Z,https://universalis.app/market/2425
2426,Mythril Round Knife,Kali Virac,14990,1,2024-01-28T00:02:25.000Z,https://universalis.app/market/2426
2427,Electrum Head Knife,Kaede Akamatsu,58900,1,2024-01-31T19:40:52.000Z,https://universalis.app/market/2427
2430,Amateur's Awl,Raikyo Deus,9005,1,2024-01-19T14:08:38.000Z,https://universalis.app/market/2430
2431,Bronze Awl,Faze Chavrizo,900,1,2024-01-27T19:32:29.000Z,https://universalis.app/market/2431
2433,Iron Awl,Elextri Natmi,50000,1,2024-02-12T19:49:28.000Z,https://universalis.app/market/2433
2434,Initiate's Awl,Twyla Belladonna,5023,1,2024-01-26T22:48:25.000Z,https://universalis.app/market/2434
2436,Steel Awl,Yuqi Grace,20000,1,2024-01-22T23:56:06.000Z,https://universalis.app/market/2436
2437,Wrapped Steel Awl,Vany Emblish,10000,1,2024-01-19T12:34:25.000Z,https://universalis.app/market/2437
2439,Mythril Awl,Isnerd Errorcode,10000,1,2024-01-19T02:01:50.000Z,https://universalis.app/market/2439
2440,Cobalt Awl,Emerald Urumet,25000,1,2024-01-24T07:40:58.000Z,https://universalis.app/market/2440
2441,Militia Awl,Kiriko Shinsetsu,30000,1,2024-01-29T22:25:24.000Z,https://universalis.app/market/2441
2443,Copper Needle,Yuzuruha Mikogami,150,1,2024-01-24T21:32:14.000Z,https://universalis.app/market/2443
2444,Bat Fang Needle,Bishman Whiteflag,8498,1,2024-01-24T01:05:39.000Z,https://universalis.app/market/2444
2445,Amateur's Needle,Pharos Sigil,4000,1,2024-01-18T23:53:46.000Z,https://universalis.app/market/2445
2446,Brass Needle,Alka Zelka,45000,1,2024-01-21T19:52:31.000Z,https://universalis.app/market/2446
2447,Initiate's Needle,Baiken Mito,10000,1,2024-01-25T20:42:57.000Z,https://universalis.app/market/2447
2448,Silver Needle,Niviko Elusive,5000,1,2024-02-09T22:11:45.000Z,https://universalis.app/market/2448
2449,Worm Fang Needle,Rafflesia Aesthesia,1999,1,2024-01-31T00:49:57.000Z,https://universalis.app/market/2449
5447,Sandworm Fang,Drasinda Trisadel,999,4,2024-02-04T00:38:55.000Z,https://universalis.app/market/5447
2450,Mythril Needle,Rio Tora,6000,1,2024-02-01T13:38:17.000Z,https://universalis.app/market/2450
2451,Wolf Fang Needle,Ayase Mori,5000,1,2024-02-11T08:16:11.000Z,https://universalis.app/market/2451
2452,Thousand Needle,Alka Zelka,3000,1,2024-02-01T23:10:33.000Z,https://universalis.app/market/2452
5468,Cactuar Needle,Moe Gains,300,3,2024-01-18T22:51:55.000Z,https://universalis.app/market/5468
2453,Electrum Needle,Caelia Dei-ijla,7100,1,2024-01-23T22:32:55.000Z,https://universalis.app/market/2453
2456,Amateur's Spinning Wheel,Yuzuruha Mikogami,250,1,2024-01-24T21:32:02.000Z,https://universalis.app/market/2456
2457,Ash Spinning Wheel,Veis Thunderstruck,3599,1,2024-02-07T16:36:41.000Z,https://universalis.app/market/2457
2459,Initiate's Spinning Wheel,Alka Zelka,15001,1,2024-01-21T19:52:40.000Z,https://universalis.app/market/2459
2460,Elm Spinning Wheel,Elextri Natmi,85000,1,2024-02-12T22:29:34.000Z,https://universalis.app/market/2460
2462,Walnut Spinning Wheel,Alka Zelka,21000,1,2024-01-29T21:32:31.000Z,https://universalis.app/market/2462
2464,Mahogany Spinning Wheel,Caelia Dei-ijla,25000,1,2024-01-23T22:33:11.000Z,https://universalis.app/market/2464
2465,Rosewood Spinning Wheel,Tzu Gumi,25899,1,2024-02-06T02:06:34.000Z,https://universalis.app/market/2465
2466,Militia Spinning Wheel,Drasinda Trisadel,20000,1,2024-02-03T04:18:08.000Z,https://universalis.app/market/2466
2468,Bronze Alembic,Superaerial Ace,120000,1,2024-01-24T00:08:30.000Z,https://universalis.app/market/2468
2469,Amateur's Alembic,Yuri Fujiwara,9250,1,2024-02-02T20:35:00.000Z,https://universalis.app/market/2469
2470,Brass Alembic,Rutabaga Snaappysnap,4000,1,2024-02-01T05:07:30.000Z,https://universalis.app/market/2470
2471,Initiate's Alembic,Anima Shu,2999,1,2024-02-09T05:23:07.000Z,https://universalis.app/market/2471
2472,Iron Alembic,Kitteh Darwin,23,1,2024-01-19T11:48:36.000Z,https://universalis.app/market/2472
2473,Conical Alembic,Y'shkena Aera,31999,1,2024-02-03T20:06:46.000Z,https://universalis.app/market/2473
2474,Steel Alembic,Amaterasu Keahi,453,1,2024-01-22T00:02:09.000Z,https://universalis.app/market/2474
2475,Silver Alembic,Sasami Shio,5000,1,2024-01-26T11:39:54.000Z,https://universalis.app/market/2475
2476,Mythril Alembic,Harmony Nakamura,44999,1,2024-01-28T22:11:55.000Z,https://universalis.app/market/2476
2477,Electrum Alembic,Rona Caldera,7999,1,2024-01-30T02:52:58.000Z,https://universalis.app/market/2477
2478,Thermal Alembic,Ea Guru,50000,1,2024-01-30T21:12:39.000Z,https://universalis.app/market/2478
2481,Amateur's Mortar,Yuri Fujiwara,500,1,2024-01-29T05:24:11.000Z,https://universalis.app/market/2481
2482,Bronze Mortar,Silver Yue,4498,1,2024-01-31T02:28:24.000Z,https://universalis.app/market/2482
2484,Iron Mortar,Warm Bread,4019,1,2024-01-20T23:02:07.000Z,https://universalis.app/market/2484
2485,Initiate's Mortar,Nood's Haven,6000,1,2024-02-03T03:45:32.000Z,https://universalis.app/market/2485
2487,Steel Mortar,Sophia Z'ee,20000,1,2024-01-18T23:23:29.000Z,https://universalis.app/market/2487
2488,Heavy Steel Mortar,Tiphane Iseterre,14000,1,2024-02-02T16:39:27.000Z,https://universalis.app/market/2488
2490,Mythril Mortar,Alchemus Maximus,30000,1,2024-01-21T04:43:55.000Z,https://universalis.app/market/2490
2491,Cobalt Mortar,Auvo Akhabila,30000,1,2024-02-08T06:20:01.000Z,https://universalis.app/market/2491
2492,Militia Mortar,Laughing Goddess,20000,1,2024-01-20T00:09:19.000Z,https://universalis.app/market/2492
2494,Bronze Skillet,Bim Danglefield,10000,1,2024-02-08T23:37:06.000Z,https://universalis.app/market/2494
2495,Amateur's Skillet,Y'shtara Meowsong,14000,1,2024-01-19T10:32:38.000Z,https://universalis.app/market/2495
2496,Iron Skillet,Tiberrius Omega,22000,1,2024-02-10T04:56:16.000Z,https://universalis.app/market/2496
2497,Initiate's Skillet,Char-siu Pork,10000,1,2024-01-30T04:05:44.000Z,https://universalis.app/market/2497
2498,Iron Frypan,Lucia Ahhe,28000,1,2024-01-29T12:47:18.000Z,https://universalis.app/market/2498
2499,Bomb Frypan,Hiora Caligaris,5000,1,2024-01-18T21:35:44.000Z,https://universalis.app/market/2499
5528,Bomb Ash,Denny's Grand-slam,700,3,2024-02-12T08:31:17.000Z,https://universalis.app/market/5528
2500,Steel Skillet,Darius Bladesworn,6000,1,2024-02-01T19:41:35.000Z,https://universalis.app/market/2500
2501,White Skillet,Vaen Jiin,20000,1,2024-02-04T11:32:13.000Z,https://universalis.app/market/2501
2502,Steel Frypan,Ayase Mori,42000,1,2024-02-14T11:05:39.000Z,https://universalis.app/market/2502
2503,Cobalt Skillet,Trishana O'mogson,20000,1,2024-01-27T12:34:37.000Z,https://universalis.app/market/2503
2504,Hells' Kitchen,Z'nieri Liadona,71990,1,2024-01-24T06:34:17.000Z,https://universalis.app/market/2504
2507,Amateur's Culinary Knife,Silver Yue,4005,1,2024-01-27T05:00:49.000Z,https://universalis.app/market/2507
2508,Bronze Culinary Knife,Mariska Divine,25000,1,2024-02-02T08:54:12.000Z,https://universalis.app/market/2508
2510,Iron Culinary Knife,Astray Eclipse,7999,1,2024-02-01T19:55:36.000Z,https://universalis.app/market/2510
2511,Initiate's Culinary Knife,Ayase Mori,4999,1,2024-02-12T10:31:45.000Z,https://universalis.app/market/2511
2513,Steel Culinary Knife,Koznhevikova Rhiikoro,14053,1,2024-02-04T16:45:44.000Z,https://universalis.app/market/2513
2514,Wrapped Steel Culinary Knife,Kadent Dai'avi,7500,1,2024-01-26T03:57:56.000Z,https://universalis.app/market/2514
2516,Mythril Culinary Knife,Z'nieri Liadona,60000,1,2024-01-24T06:34:42.000Z,https://universalis.app/market/2516
2518,Militia Culinary Knife,Ishgardian Emissary,30000,1,2024-02-06T03:17:22.000Z,https://universalis.app/market/2518
2520,Bronze Pickaxe,Silver Yue,9106,1,2024-01-29T01:29:08.000Z,https://universalis.app/market/2520
2521,Amateur's Pickaxe,Ime Tachibana,25000,1,2024-02-06T01:15:14.000Z,https://universalis.app/market/2521
2522,Plumed Bronze Pickaxe,Amaterasu Keahi,23999,1,2024-01-26T23:38:07.000Z,https://universalis.app/market/2522
2523,Iron Pickaxe,Sunny Milk,36500,1,2024-01-22T06:47:11.000Z,https://universalis.app/market/2523
2524,Initiate's Pickaxe,Nova Infina,10000,1,2024-01-18T11:53:06.000Z,https://universalis.app/market/2524
2525,Iron Dolabra,Lyra Bell,60000,1,2024-01-29T23:49:12.000Z,https://universalis.app/market/2525
2526,Steel Pickaxe,Y'shkena Aera,11000,1,2024-02-03T20:06:34.000Z,https://universalis.app/market/2526
2527,Steel Dolabra,Yui Mikazuki,20000,1,2024-01-23T01:07:25.000Z,https://universalis.app/market/2527
2528,Plumed Mythril Pickaxe,Zarah Ellismarrah,18074,1,2024-02-13T23:39:39.000Z,https://universalis.app/market/2528
5327,Undyed Linen,Agrael Cousland,20000,2,2024-02-07T03:43:52.000Z,https://universalis.app/market/5327
2529,Cobalt Dolabra,Rose Merick,6200,1,2024-01-20T02:35:29.000Z,https://universalis.app/market/2529
2530,Egret Dolabra,Steevon Dejiki,49999,1,2024-01-24T18:50:58.000Z,https://universalis.app/market/2530
2534,Bronze Sledgehammer,Noctis Shadowsong,25000,1,2024-02-05T16:15:04.000Z,https://universalis.app/market/2534
2536,Initiate's Sledgehammer,Hoppin Heimer,30000,1,2024-01-24T01:23:08.000Z,https://universalis.app/market/2536
2537,Iron Sledgehammer,Ambrosia Apple,20000,1,2024-01-22T22:32:38.000Z,https://universalis.app/market/2537
2539,Steel Sledgehammer,Salamander Sam,10049,1,2024-01-30T02:11:01.000Z,https://universalis.app/market/2539
2540,Wrapped Steel Sledgehammer,Phoenix Keahi,10000,1,2024-01-22T00:12:25.000Z,https://universalis.app/market/2540
2542,Mythril Sledgehammer,Yui Mikazuki,25000,1,2024-01-23T01:39:50.000Z,https://universalis.app/market/2542
2543,Cobalt Sledgehammer,Eluna Wormwood,64500,1,2024-01-20T21:29:47.000Z,https://universalis.app/market/2543
2544,Militia Sledgehammer,Vermili Heartwright,20000,1,2024-02-04T05:44:29.000Z,https://universalis.app/market/2544
2546,Bronze Hatchet,Rin Azzy,40000,1,2024-01-29T00:30:15.000Z,https://universalis.app/market/2546
2547,Amateur's Hatchet,Azazel Blaze,15109,1,2024-02-07T08:25:09.000Z,https://universalis.app/market/2547
2548,Iron Hatchet,Ime Tachibana,30000,1,2024-02-05T21:53:58.000Z,https://universalis.app/market/2548
2549,Initiate's Hatchet,Death Devil,14500,1,2024-02-09T08:31:38.000Z,https://universalis.app/market/2549
2550,Brass Hatchet,Nilla Bean,10000,1,2024-01-21T17:35:14.000Z,https://universalis.app/market/2550
2551,Plumed Iron Hatchet,Logan Fox,29999,1,2024-01-21T18:56:56.000Z,https://universalis.app/market/2551
5359,Chocobo Feather,Cassius Roman,5555,2,2024-02-07T00:54:20.000Z,https://universalis.app/market/5359
2552,Steel Hatchet,Fluffy Doughnut,20053,1,2024-02-08T21:39:28.000Z,https://universalis.app/market/2552
2553,Plumed Steel Hatchet,Amaya Keyes,9999,1,2024-01-22T13:22:38.000Z,https://universalis.app/market/2553
2554,Mythril Hatchet,Wool Medley,12500,1,2024-02-03T15:14:48.000Z,https://universalis.app/market/2554
2555,Cobalt Hatchet,Laqima Azzy,54999,1,2024-01-18T22:34:45.000Z,https://universalis.app/market/2555
2556,Horned Hatchet,Gus Aspara,49999,1,2024-01-20T22:05:25.000Z,https://universalis.app/market/2556
2560,Bronze Scythe,Laqima Azzy,11000,1,2024-01-19T16:39:55.000Z,https://universalis.app/market/2560
2562,Iron Scythe,Yomi Jompker,20000,1,2024-01-19T22:54:33.000Z,https://universalis.app/market/2562
2563,Initiate's Scythe,Nova Infina,25500,1,2024-01-18T12:04:44.000Z,https://universalis.app/market/2563
2565,Steel Scythe,Fluffy Doughnut,21000,1,2024-02-08T21:39:36.000Z,https://universalis.app/market/2565
2566,Wrapped Steel Scythe,Amaya Keyes,8000,1,2024-01-22T13:22:34.000Z,https://universalis.app/market/2566
2568,Mythril Scythe,Phoenix Tomioka,40000,1,2024-01-20T04:46:02.000Z,https://universalis.app/market/2568
2569,Cobalt Scythe,Gus Aspara,64000,1,2024-01-20T22:05:09.000Z,https://universalis.app/market/2569
2570,Militia Scythe,Manny Catbois,30000,1,2024-02-04T21:34:54.000Z,https://universalis.app/market/2570
2572,Maple Fishing Rod,Hanamura Bunny,21106,1,2024-01-29T11:06:48.000Z,https://universalis.app/market/2572
2573,Amateur's Fishing Rod,Mono Fotymos,8000,1,2024-02-09T04:40:32.000Z,https://universalis.app/market/2573
2574,Elm Fishing Rod,Morn Draugr,20000,1,2024-02-10T08:37:19.000Z,https://universalis.app/market/2574
2575,Initiate's Fishing Rod,Liara Kira,6900,1,2024-01-30T22:01:20.000Z,https://universalis.app/market/2575
2576,Yew Fishing Rod,Sett Osborne,15000,1,2024-02-06T00:55:10.000Z,https://universalis.app/market/2576
2577,Staghorn Fishing Rod,Ri Kkore,10000,1,2024-01-28T02:51:39.000Z,https://universalis.app/market/2577
2578,Walnut Fishing Rod,Sophia Z'ee,68000,1,2024-01-25T23:04:49.000Z,https://universalis.app/market/2578
2579,Horn Fishing Rod,Puddin Cups,10064,1,2024-01-28T16:45:02.000Z,https://universalis.app/market/2579
2580,Mahogany Fishing Rod,Capulus Tempus,68000,1,2024-01-26T16:21:05.000Z,https://universalis.app/market/2580
2581,Rosewood Fishing Rod,Avalynn Myst,70000,1,2024-02-08T03:51:15.000Z,https://universalis.app/market/2581
2582,Gilded Rosewood Fishing Rod,Koira Ray'okami,44999,1,2024-02-08T21:12:39.000Z,https://universalis.app/market/2582
2588,Crayfish Ball,Zain Akemi,500,15,2024-02-05T21:58:21.000Z,https://universalis.app/market/2588
4825,Rye Flour,Old Spice,1000,6,2024-01-28T05:12:26.000Z,https://universalis.app/market/4825
4925,Crayfish,Nico Kyrielight,3500,1,2024-01-19T19:02:31.000Z,https://universalis.app/market/4925
2589,Goby Ball,Dark Puppers,300,30,2024-02-05T02:37:20.000Z,https://universalis.app/market/2589
4931,Dusk Goby,Rs Na,10000000,1,2024-01-30T02:44:30.000Z,https://universalis.app/market/4931
2593,Crab Ball,Shield Bae,55,10,2024-02-01T02:19:44.000Z,https://universalis.app/market/2593
4880,Helmet Crab,Bas Draori,5000,5,2024-01-26T20:04:17.000Z,https://universalis.app/market/4880
2595,Bass Ball,Mo Fu,80,99,2024-02-06T10:39:28.000Z,https://universalis.app/market/2595
4826,Sunset Wheat Flour,Ayase Mori,300,6,2024-02-12T10:24:24.000Z,https://universalis.app/market/4826
4959,Dark Bass,Evelyn Summers,2000,5,2024-02-05T17:21:49.000Z,https://universalis.app/market/4959
2598,Herring Ball,Iay Muela,60,50,2024-01-18T01:39:12.000Z,https://universalis.app/market/2598
4895,Indigo Herring,Orla Mhin,1500,1,2024-01-28T08:19:45.000Z,https://universalis.app/market/4895
2610,Chocobo Fly,Demi Fraust,600,10,2024-01-26T09:31:25.000Z,https://universalis.app/market/2610
2611,Floating Minnow,Beautiful Birdy,3000,37,2024-01-30T20:22:41.000Z,https://universalis.app/market/2611
2612,Brass Spoon Lure,Sin'na Deena,37,99,2024-02-03T01:01:15.000Z,https://universalis.app/market/2612
2614,Crow Fly,Alka Zelka,11111,99,2024-02-05T22:32:42.000Z,https://universalis.app/market/2614
2615,Silver Spoon Lure,Rave D'hephaestus,600,2,2024-02-02T00:08:04.000Z,https://universalis.app/market/2615
2616,Steel Jig,Lost Penguin,2398,17,2024-01-24T17:32:53.000Z,https://universalis.app/market/2616
2617,Sinking Minnow,Mugi Pepper,3000,5,2024-01-18T02:38:20.000Z,https://universalis.app/market/2617
2618,Snurble Fly,Minimum Tinyman,3000,5,2024-01-20T04:00:09.000Z,https://universalis.app/market/2618
5349,Snurble Tufts,Ririshan Rereshan,1999,2,2024-02-09T17:17:59.000Z,https://universalis.app/market/5349
2619,Heavy Steel Jig,Saya Neko-chan,4000,5,2024-02-01T06:11:20.000Z,https://universalis.app/market/2619
2620,Spinner,Shinsya Kocho,4000,5,2024-01-21T09:01:24.000Z,https://universalis.app/market/2620
4900,Whitelip Oyster,Bonana Nana,3000,2,2024-01-30T20:21:36.000Z,https://universalis.app/market/4900
2622,Mythril Spoon Lure,Powerful Mark,2990,1,2024-01-23T11:20:27.000Z,https://universalis.app/market/2622
2623,Wildfowl Fly,Rave D'hephaestus,6000,6,2024-02-01T17:28:14.000Z,https://universalis.app/market/2623
2624,Topwater Frog,Snoopy Dog,3000,20,2024-01-18T20:53:43.000Z,https://universalis.app/market/2624
2625,Rainbow Spoon Lure,Ryssrael Sunbreeze,4000,5,2024-01-23T23:59:57.000Z,https://universalis.app/market/2625
5466,Blacklip Oyster,Meaya Gremlina,5555,8,2024-01-24T07:44:03.000Z,https://universalis.app/market/5466
2626,Spinnerbait,Mo Fu,40000,7,2024-02-02T02:29:17.000Z,https://universalis.app/market/2626
5329,Undyed Felt,Adia Amaya,15000,1,2024-02-06T22:05:04.000Z,https://universalis.app/market/5329
2627,Streamer,Catnip Lacroix,3000,5,2024-02-02T04:33:11.000Z,https://universalis.app/market/2627
2628,Yumizuno,Lucio Dossantos,5000,5,2024-01-20T22:46:59.000Z,https://universalis.app/market/2628
2629,Hempen Coif,Sjofn Oskmeyjar,30000000,1,2024-01-25T21:35:49.000Z,https://universalis.app/market/2629
2630,Hempen Coif of Gathering,Jinro Omi,2000,1,2024-01-27T05:36:00.000Z,https://universalis.app/market/2630
2631,Leather Calot,Adamantoise Stash,113924842,1,2024-01-30T00:07:15.000Z,https://universalis.app/market/2631
12590,Ramie Cloth,Alaria Bajhiri,5000,1,2024-01-24T01:39:45.000Z,https://universalis.app/market/12590
12595,Ramie Thread,Joya Watari,3550,5,2024-02-07T02:18:54.000Z,https://universalis.app/market/12595
2652,Hempen Bandana,Pavao Astolla,7500,1,2024-02-03T23:30:59.000Z,https://universalis.app/market/2652
2653,Leather Eyepatch,Riven Zatoshi,7500,1,2024-02-10T00:23:42.000Z,https://universalis.app/market/2653
2654,Hard Leather Pot Helm,Rin Azzy,4111,1,2024-02-08T00:31:35.000Z,https://universalis.app/market/2654
2655,Hempen Hat,Darkhosis Vii,20000,1,2024-02-08T16:12:59.000Z,https://universalis.app/market/2655
2656,Bronze Chain Coif,Lil' Xan',999003,1,2024-02-11T21:56:22.000Z,https://universalis.app/market/2656
5081,Bronze Rings,Z'uan Nyx,240,2,2024-02-09T23:37:34.000Z,https://universalis.app/market/5081
2658,Straw Hat,Seika Haygen,9000000,1,2024-01-29T00:06:01.000Z,https://universalis.app/market/2658
5342,Straw,Auf Zahra,398,99,2024-01-21T23:06:43.000Z,https://universalis.app/market/5342
2660,Amateur's Headgear,Silver Yue,2299,1,2024-01-31T02:29:43.000Z,https://universalis.app/market/2660
2661,Amateur's Hempen Coif,Papano Pano,3497,1,2024-01-25T10:38:01.000Z,https://universalis.app/market/2661
2662,Bronze Sallet,Daichi Kagon,40000,1,2024-01-25T00:28:01.000Z,https://universalis.app/market/2662
2663,Stablemaid's Hat,Eclise Jug'dral,5111,1,2024-02-01T02:32:06.000Z,https://universalis.app/market/2663
5540,Carnation,Yuki Firebird,870,1,2024-02-07T23:04:29.000Z,https://universalis.app/market/5540
2664,Bronze Barbut,Ai Zgod,9998,1,2024-01-23T19:47:17.000Z,https://universalis.app/market/2664
2665,Cotton Turban,Rom Lily,2500,1,2024-01-21T23:56:07.000Z,https://universalis.app/market/2665
2666,Stablehand's Hat,Petey Tortellini,5999,1,2024-01-30T05:08:13.000Z,https://universalis.app/market/2666
2668,Brass Spectacles,Aisuru Tenshi,20006,1,2024-02-09T19:59:16.000Z,https://universalis.app/market/2668
5512,Clear Glass Lens,Fumino Furuhashi,1069,4,2024-02-03T19:12:58.000Z,https://universalis.app/market/5512
2669,Hard Leather Eyepatch,Astra Mikage,1001,1,2024-01-18T15:55:38.000Z,https://universalis.app/market/2669
2670,Cotton Scarf,Angel Blushes,20000,1,2024-01-21T19:04:57.000Z,https://universalis.app/market/2670
2672,Hard Leather Skullcap,Alka Zelka,9000,1,2024-02-05T21:23:45.000Z,https://universalis.app/market/2672
2673,Bronze Celata,Rumo Merlin,500,1,2024-01-29T13:56:18.000Z,https://universalis.app/market/2673
2675,Ash Mask,Jinro Omi,30000,1,2024-01-31T17:30:31.000Z,https://universalis.app/market/2675
2677,Hunting Hat,Alain Kazpa,11500,1,2024-02-01T19:47:58.000Z,https://universalis.app/market/2677
2680,Decorated Bronze Barbut,General Kale,30000,1,2024-01-24T06:58:34.000Z,https://universalis.app/market/2680
2685,Brass Circlet (Sunstone),Fluffy Doughnut,2500,1,2024-01-19T03:12:58.000Z,https://universalis.app/market/2685
5169,Sunstone,Jack Korvyne,284,1,2024-01-29T23:02:56.000Z,https://universalis.app/market/5169
2687,Brass Circlet (Danburite),Ryukuzo Wintersoul,3009,1,2024-02-12T20:56:43.000Z,https://universalis.app/market/2687
5170,Danburite,Nakano Akamori,45,2,2024-01-21T19:47:18.000Z,https://universalis.app/market/5170
2689,Brass Circlet (Malachite),Rue L'ette,509,1,2024-02-08T12:37:21.000Z,https://universalis.app/market/2689
5171,Malachite,Gooby Gooberson,693,2,2024-02-10T16:49:44.000Z,https://universalis.app/market/5171
5172,Sphene,Goddess Hylia,1000,2,2024-01-22T21:21:45.000Z,https://universalis.app/market/5172
5173,Fluorite,Remi Sett,300,1,2024-01-25T18:13:58.000Z,https://universalis.app/market/5173
2695,Brass Circlet (Lapis Lazuli),Frey Wargmaw,80,1,2024-02-04T22:04:10.000Z,https://universalis.app/market/2695
5174,Lapis Lazuli,Noctis Shadowsong,168,2,2024-02-08T16:51:10.000Z,https://universalis.app/market/5174
2697,Goatskin Pot Helm,Korad Stormcaster,21000,1,2024-01-24T21:46:46.000Z,https://universalis.app/market/2697
2699,Cotton Coif,Bubuzigo Bibizigo,9000,1,2024-01-24T04:51:20.000Z,https://universalis.app/market/2699
2700,Cotton Coif of Gathering,Krusos Aureus,68000,1,2024-01-20T06:52:49.000Z,https://universalis.app/market/2700
2703,Ash Mask (Lapis Lazuli),Harriet Montgomery,25000,1,2024-01-26T08:40:27.000Z,https://universalis.app/market/2703
2708,Iron Sallet,Ur Pet,9000,1,2024-01-19T19:24:55.000Z,https://universalis.app/market/2708
2710,Goatskin Eyepatch,Pallas Arziant,7950,1,2024-02-09T07:31:35.000Z,https://universalis.app/market/2710
2712,Iron Celata,Niviko Elusive,2000,1,2024-02-02T00:29:18.000Z,https://universalis.app/market/2712
5082,Iron Rings,Lycelle Arscelin,900,2,2024-01-24T03:21:33.000Z,https://universalis.app/market/5082
2714,Initiate's Headgear,Suave Mente,49999,1,2024-01-23T18:04:13.000Z,https://universalis.app/market/2714
2719,Cotton Sugarloaf Hat,Kydo Viridis,22500,1,2024-02-07T02:38:51.000Z,https://universalis.app/market/2719
2723,Iron Elmo,Jubo Malseeco,29014,1,2024-01-22T15:59:26.000Z,https://universalis.app/market/2723
2725,Reinforced Iron Sallet,Nomad Vagabond,5015,1,2024-01-21T13:56:56.000Z,https://universalis.app/market/2725
2727,Velveteen Bandana,Alka Zelka,68000,1,2024-02-05T23:31:31.000Z,https://universalis.app/market/2727
2728,Silver Spectacles,Vees Savage,9016,1,2024-02-11T05:42:22.000Z,https://universalis.app/market/2728
2729,Velveteen Turban,Amaya Keyes,19000,1,2024-01-20T07:10:11.000Z,https://universalis.app/market/2729
2731,Silver Magnifiers,Ri Kkore,20000,1,2024-01-21T09:04:40.000Z,https://universalis.app/market/2731
2733,Velveteen Wedge Cap of Crafting,Alka Zelka,38495,1,2024-01-21T19:53:42.000Z,https://universalis.app/market/2733
2734,Velveteen Wedge Cap of Gathering,Nerain Wolfe,33021,1,2024-02-05T01:22:06.000Z,https://universalis.app/market/2734
2735,Silver Circlet (Garnet),Talla Dega,20000,1,2024-02-05T02:21:02.000Z,https://universalis.app/market/2735
5175,Garnet,Thestalos Pendragon,190,2,2024-01-25T04:48:46.000Z,https://universalis.app/market/5175
2737,Silver Circlet (Goshenite),Silver Yue,20000,1,2024-01-22T03:08:32.000Z,https://universalis.app/market/2737
5176,Goshenite,Mika Kitt,500,2,2024-02-13T21:21:04.000Z,https://universalis.app/market/5176
2739,Silver Circlet (Peridot),Cornelius Crown,10000,1,2024-01-19T06:06:37.000Z,https://universalis.app/market/2739
5177,Peridot,Alka Zelka,1500,4,2024-02-02T01:52:20.000Z,https://universalis.app/market/5177
2741,Silver Circlet (Heliodor),Uncle Harold,5999,1,2024-01-20T02:37:53.000Z,https://universalis.app/market/2741
5178,Heliodor,Ayshia Lafon,1500,6,2024-02-09T01:40:40.000Z,https://universalis.app/market/5178
2743,Silver Circlet (Amethyst),Nononji Rurunji,25000,1,2024-02-13T11:38:48.000Z,https://universalis.app/market/2743
5179,Amethyst,Hey Fitzy,200,1,2024-01-25T00:14:21.000Z,https://universalis.app/market/5179
2745,Silver Circlet (Aquamarine),Nico Kyrielight,20000,1,2024-01-25T15:56:44.000Z,https://universalis.app/market/2745
5180,Aquamarine,Baryn Funkadelic,130,2,2024-01-21T10:39:38.000Z,https://universalis.app/market/5180
2750,Velveteen Beret,Arawynn Kyllon,25000,1,2024-02-04T18:40:01.000Z,https://universalis.app/market/2750
5343,Cotton Boll,Fibit Lancaster,100001,1,2024-02-08T17:29:08.000Z,https://universalis.app/market/5343
5355,Dodo Feather,Nezhadur Baihkol,315000,1,2024-01-30T05:50:20.000Z,https://universalis.app/market/5355
2753,Steel Sallet,Cemi Ramis,39999,1,2024-01-20T21:25:05.000Z,https://universalis.app/market/2753
2755,Steel Celata,Nephaia Terr,10998,1,2024-02-12T03:19:09.000Z,https://universalis.app/market/2755
2757,Vintage Celata,Zero Yatsurugi,34999,1,2024-01-26T14:14:59.000Z,https://universalis.app/market/2757
2667,Dented Celata,Therion Haken,450,1,2024-01-20T16:42:34.000Z,https://universalis.app/market/2667
2758,Steel Goggles,Alka Zelka,35500,1,2024-01-21T21:35:55.000Z,https://universalis.app/market/2758
2763,Velveteen Sugarloaf Hat,Lunei Solei,25000,1,2024-02-09T14:55:33.000Z,https://universalis.app/market/2763
2765,Steel Elmo,Hit N'run,20000,1,2024-01-25T02:12:57.000Z,https://universalis.app/market/2765
2767,Skull Eyepatch,Elenoir Spellheart,39930,1,2024-02-12T03:50:44.000Z,https://universalis.app/market/2767
2769,Mythril Magnifiers,Ragnorax Faithbringer,10000000,1,2024-01-25T03:35:58.000Z,https://universalis.app/market/2769
2774,Mythril Spectacles,Twyla Belladonna,25999,1,2024-01-26T22:48:33.000Z,https://universalis.app/market/2774
2776,Linen Turban,Senor Staybroke,51037,1,2024-01-20T00:28:42.000Z,https://universalis.app/market/2776
2778,Angler's Hat,Nova Infina,68000,1,2024-01-18T12:04:55.000Z,https://universalis.app/market/2778
2779,Linen Hat,Club Ley-lines,50000000,1,2024-01-20T22:13:28.000Z,https://universalis.app/market/2779
2785,Vintage Chef's Hat,Xavier Caius,24000,1,2024-02-03T10:44:13.000Z,https://universalis.app/market/2785
2657,Ripped Chef's Hat,Fluffy Doughnut,11000,1,2024-01-19T23:05:29.000Z,https://universalis.app/market/2657
2786,Steel Barbut,General Kale,75000,1,2024-01-25T10:30:11.000Z,https://universalis.app/market/2786
2788,Boarskin Pot Helm,Emire Terumen,45000,1,2024-01-21T02:50:36.000Z,https://universalis.app/market/2788
2790,Mythril Circlet (Rubellite),Slickstoner Angel,25000,1,2024-02-11T10:22:36.000Z,https://universalis.app/market/2790
5181,Rubellite,K'onhoa Jadental,800,1,2024-01-30T01:46:47.000Z,https://universalis.app/market/5181
2792,Mythril Circlet (Zircon),Rum-tum Tugger,9999,1,2024-01-21T10:09:29.000Z,https://universalis.app/market/2792
5182,Zircon,Agrael Cousland,2100,1,2024-02-06T20:44:34.000Z,https://universalis.app/market/5182
2794,Mythril Circlet (Tourmaline),Newt Newt,1500,1,2024-01-23T05:19:19.000Z,https://universalis.app/market/2794
2796,Mythril Circlet (Amber),Ozwyn Murciel,4998,1,2024-02-10T17:59:21.000Z,https://universalis.app/market/2796
5184,Amber,Agrael Cousland,5000,1,2024-02-06T20:44:23.000Z,https://universalis.app/market/5184
2798,Mythril Circlet (Spinel),Trishana O'mogson,36001,1,2024-01-27T12:34:53.000Z,https://universalis.app/market/2798
5185,Spinel,Veezra Silksong,2500,2,2024-02-07T03:13:34.000Z,https://universalis.app/market/5185
2800,Mythril Circlet (Turquoise),Shanti Arwen,500,1,2024-01-29T08:27:18.000Z,https://universalis.app/market/2800
5186,Turquoise,Vast Peach,399,1,2024-02-08T18:28:29.000Z,https://universalis.app/market/5186
2802,Mythril Elmo,Stardust Stellaris,35000,1,2024-01-19T05:50:53.000Z,https://universalis.app/market/2802
2804,Linen Wedge Cap of Crafting,Alka Zelka,8500,1,2024-01-23T06:42:44.000Z,https://universalis.app/market/2804
2805,Linen Wedge Cap of Gathering,Cosza Add,500000000,1,2024-02-07T03:06:57.000Z,https://universalis.app/market/2805
2806,Woolen Coif,Teneb Kel,10000,1,2024-01-26T10:14:30.000Z,https://universalis.app/market/2806
5328,Undyed Woolen Cloth,Azazel Blaze,15000,33,2024-02-07T15:56:10.000Z,https://universalis.app/market/5328
2808,Woolen Coif of Gathering,Vercity Dreamgaze,25000,1,2024-01-22T08:10:44.000Z,https://universalis.app/market/2808
2810,Woolen Turban,Rimitsu Wintersoul,20000,1,2024-01-25T21:43:51.000Z,https://universalis.app/market/2810
2812,Mythril Celata,Cornelius Crown,65000,1,2024-01-25T06:53:40.000Z,https://universalis.app/market/2812
5089,Mythril Rings,Rio Tora,2250,3,2024-02-04T02:04:28.000Z,https://universalis.app/market/5089
2814,Woolen Hat,Atticus Skyfire,30000,1,2024-02-01T02:33:15.000Z,https://universalis.app/market/2814
2816,Linen Deerstalker,Tsukuyomi Mikoto,30000,1,2024-01-20T11:28:18.000Z,https://universalis.app/market/2816
2817,Mythril Barbut,Sigurd Snow-hair,25000,1,2024-02-09T14:50:04.000Z,https://universalis.app/market/2817
2819,Mythril Mesail,Amaya Keyes,30000,1,2024-01-28T06:56:58.000Z,https://universalis.app/market/2819
2825,Ranger's Hat,Yao Yao,350,1,2024-01-25T21:34:13.000Z,https://universalis.app/market/2825
2829,Woolen Beret,Kana Xiao,23750000,1,2024-02-11T19:15:18.000Z,https://universalis.app/market/2829
5348,Apkallu Down,Lilith Nox,1400,55,2024-01-27T21:03:00.000Z,https://universalis.app/market/5348
2830,Reinforced Mythril Elmo,Miuki Mihgo,48000,1,2024-01-20T00:24:37.000Z,https://universalis.app/market/2830
2832,Woolen Cavalier's Hat,Asatsuyu Lotus,3100,1,2024-02-10T02:33:49.000Z,https://universalis.app/market/2832
2834,Cobalt Preserves,Mana Dejiki,29853,1,2024-01-25T21:35:41.000Z,https://universalis.app/market/2834
2835,Felt Coif,Millicent Beaudonet,3500,1,2024-01-20T04:40:30.000Z,https://universalis.app/market/2835
2837,Felt Coif of Gathering,Brathgar Inivisch,22500,1,2024-02-10T00:41:14.000Z,https://universalis.app/market/2837
2852,Felt Hat,Harmony Lightfoot,20000,1,2024-02-08T23:29:32.000Z,https://universalis.app/market/2852
2854,Woolen Deerstalker,Nil Cairos,39800,1,2024-01-19T23:21:40.000Z,https://universalis.app/market/2854
2855,Vintage Jester's Cap,Kufia Jowy,10000,1,2024-01-25T21:23:16.000Z,https://universalis.app/market/2855
2857,Electrum Monocle,Olivia Layne,45500,1,2024-02-08T00:28:54.000Z,https://universalis.app/market/2857
5087,Brass Rings,Adrianna Richard,20,7,2024-01-27T12:38:16.000Z,https://universalis.app/market/5087
2859,Cobalt Barbut,Lusserina Vul,70000,1,2024-02-04T16:46:37.000Z,https://universalis.app/market/2859
2861,Cobalt Mesail,H'rahdi Tia,28000,1,2024-01-27T00:49:24.000Z,https://universalis.app/market/2861
2862,Raptorskin Pot Helm,Jayden Vaulkner,55000,1,2024-01-19T21:28:52.000Z,https://universalis.app/market/2862
2870,Electrum Circlet (Rubellite),Lansai Blackheart,37000,1,2024-01-31T02:54:58.000Z,https://universalis.app/market/2870
2872,Electrum Circlet (Zircon),Verro Sync,39999,1,2024-01-22T03:27:33.000Z,https://universalis.app/market/2872
2876,Electrum Circlet (Amber),Javel Araan,39999,1,2024-01-20T14:58:08.000Z,https://universalis.app/market/2876
2878,Electrum Circlet (Spinel),No Anime,40000,1,2024-01-21T22:36:46.000Z,https://universalis.app/market/2878
2882,Rainmaker's Hat,Ladybug Kay,15000,1,2024-02-08T02:25:07.000Z,https://universalis.app/market/2882
2884,Cobalt Chain Coif,Cy Maxima,19999,1,2024-02-03T21:36:18.000Z,https://universalis.app/market/2884
5084,Cobalt Rings,Caleb Sapphire,2100,1,2024-02-08T01:41:45.000Z,https://universalis.app/market/5084
2886,Felt Beret,Billy Bum,44999,1,2024-02-01T09:23:35.000Z,https://universalis.app/market/2886
2888,Vintage Coif,Reese Reese,29000,1,2024-02-04T00:45:45.000Z,https://universalis.app/market/2888
2891,Felt Cavalier's Hat,Zofia Wojcik,65099,1,2024-01-23T19:03:54.000Z,https://universalis.app/market/2891
2893,Cobalt Sallet,Sayomi Aurai,20000,1,2024-01-27T06:45:56.000Z,https://universalis.app/market/2893
2895,Patrician's Wedge Cap,Vany Emblish,55000,1,2024-01-19T20:59:19.000Z,https://universalis.app/market/2895
2911,Militia Barbut,Logan Fox,5801,1,2024-01-21T21:48:56.000Z,https://universalis.app/market/2911
2912,Militia Armet,Hells Angel,1000,1,2024-01-18T22:51:24.000Z,https://universalis.app/market/2912
2913,Militia Hat,Mako Belnades,2995,1,2024-02-04T13:58:26.000Z,https://universalis.app/market/2913
2915,Silver Tricorne,Gren Schneider,7984,1,2024-01-25T19:50:47.000Z,https://universalis.app/market/2915
5287,Uraeus Leather,Momiji Hikaru,10001,2,2024-01-20T20:58:47.000Z,https://universalis.app/market/5287
2921,Blacksmith's Goggles,Laughing Goddess,27001,1,2024-01-21T20:04:16.000Z,https://universalis.app/market/2921
2922,Armorer's Visor,Aki Musa,10072,1,2024-01-30T12:08:17.000Z,https://universalis.app/market/2922
2923,Goldsmith's Turban,Illidas Avalee,48801,1,2024-02-10T03:55:00.000Z,https://universalis.app/market/2923
2925,Weaver's Gibus,Alka Zelka,69999,1,2024-02-01T23:07:39.000Z,https://universalis.app/market/2925
2926,Alchemist's Monocle,Laughing Goddess,37998,1,2024-01-20T00:09:03.000Z,https://universalis.app/market/2926
2927,Culinarian's Hat,Illidari Nightfall,50000,1,2024-01-30T08:26:16.000Z,https://universalis.app/market/2927
2928,Hamlet Digger's Helmet,Darrius Zefyr,55000,1,2024-01-24T16:02:59.000Z,https://universalis.app/market/2928
2929,Hamlet Cutter's Hat,Koira Ray'okami,50000,1,2024-01-31T15:25:09.000Z,https://universalis.app/market/2929
2930,Hamlet Puller's Hat,Dinah Mirtheart,69999,1,2024-01-30T17:51:47.000Z,https://universalis.app/market/2930
2932,Rose Gold Circlet,Kiri Snowfoxx,4210,1,2024-02-11T00:05:02.000Z,https://universalis.app/market/2932
2931,Legionary Visor,Kaiza Kitsune,102,1,2024-02-05T03:43:55.000Z,https://universalis.app/market/2931
5067,Rose Gold Ingot,Jim Peters,1099,18,2024-01-22T07:15:44.000Z,https://universalis.app/market/5067
2933,Imperial Operative Tricorne,Adoncia Hueras,5495,1,2024-01-26T19:09:40.000Z,https://universalis.app/market/2933
2934,Imperial Operative Hat,Shiohei Namikaze,4987,1,2024-02-05T17:07:34.000Z,https://universalis.app/market/2934
2938,Gryphonskin Bandana,Lekaka Leka,1999,1,2024-02-11T15:26:12.000Z,https://universalis.app/market/2938
5289,Hard Hippogryph Leather,Veezra Silksong,11000,1,2024-01-26T22:15:04.000Z,https://universalis.app/market/5289
2939,Gryphonskin Hat,Makuma Matata,2500,1,2024-01-18T22:22:04.000Z,https://universalis.app/market/2939
5085,Darksteel Rings,Takumi Iroha,923,1,2024-01-26T06:26:22.000Z,https://universalis.app/market/5085
2941,Vanya Hat of Casting,Aras Seros,18000,1,2024-01-24T04:53:34.000Z,https://universalis.app/market/2941
5577,Vanya Silk Hat Lining,Didri Winterset,2000,1,2024-01-29T03:54:02.000Z,https://universalis.app/market/5577
2942,Vanya Hat of Healing,Baidur Haragin,9440,1,2024-01-29T07:01:10.000Z,https://universalis.app/market/2942
2958,Hempen Dalmatica,Talla Dega,4003,1,2024-02-03T18:41:28.000Z,https://universalis.app/market/2958
2959,Hempen Dalmatica of Gathering,Madam Krysis,14627356,1,2024-02-03T00:20:56.000Z,https://universalis.app/market/2959
2960,Hempen Tunic,Cynelie Elest,3500000,1,2024-02-08T00:42:05.000Z,https://universalis.app/market/2960
2961,Hempen Kurta,X' X',150000000,1,2024-01-20T01:06:49.000Z,https://universalis.app/market/2961
2993,Company Tabard,Saheeli Rai,1445000,1,2024-01-19T00:25:26.000Z,https://universalis.app/market/2993
2996,Hempen Undershirt,Riven Zatoshi,25000,1,2024-02-10T00:24:04.000Z,https://universalis.app/market/2996
2997,Hempen Camise,Vossler Fonronsenburg,20000000,1,2024-01-19T22:24:27.000Z,https://universalis.app/market/2997
2999,Hempen Tabard,Z'uan Nyx,19994,1,2024-02-09T23:36:51.000Z,https://universalis.app/market/2999
3000,Hempen Cowl,Cassian Zero,2900,1,2024-01-20T04:03:48.000Z,https://universalis.app/market/3000
3001,Hempen Shepherd's Tunic,Pharos Sigil,36999,1,2024-01-18T23:52:39.000Z,https://universalis.app/market/3001
3008,Hempen Acton,Night- Runner,2000,1,2024-01-21T16:14:50.000Z,https://universalis.app/market/3008
5341,Moko Grass,Lilith Nox,1000,99,2024-01-30T00:37:36.000Z,https://universalis.app/market/5341
3010,Hempen Halfrobe,Oryx-the Taken-king,10000000,1,2024-01-20T01:06:07.000Z,https://universalis.app/market/3010
3011,Bronze Haubergeon,Apollo Fugue,19999,1,2024-01-31T20:35:30.000Z,https://universalis.app/market/3011
3013,Amateur's Doublet Vest,Elevation Xx,10000,1,2024-01-18T20:32:24.000Z,https://universalis.app/market/3013
3014,Amateur's Kurta,Anaselina La'luna,1999,1,2024-01-19T18:08:34.000Z,https://universalis.app/market/3014
3015,Amateur's Dalmatica,Puddi Tatt,10000,1,2024-02-03T01:33:42.000Z,https://universalis.app/market/3015
3016,Leather Jacket,Alphen Harlock,5000,1,2024-02-06T23:09:28.000Z,https://universalis.app/market/3016
3017,Hard Leather Harness,Minah Jeon,4500,1,2024-01-23T16:50:06.000Z,https://universalis.app/market/3017
3018,Hempen Robe,Sazarn Cai,5000,1,2024-01-23T21:51:06.000Z,https://universalis.app/market/3018
3019,Hempen Doublet Vest of Crafting,Astray Eclipse,2500,1,2024-02-10T19:44:34.000Z,https://universalis.app/market/3019
3020,Hempen Doublet Vest of Gathering,Melia Kah,25000,1,2024-01-24T22:37:46.000Z,https://universalis.app/market/3020
3022,Cotton Shirt,Brathgar Inivisch,3000,1,2024-01-28T18:28:04.000Z,https://universalis.app/market/3022
3023,Cotton Shepherd's Tunic,Rimitsu Wintersoul,68000,1,2024-02-02T18:39:33.000Z,https://universalis.app/market/3023
3024,Cotton Cowl,Aural Galanodel,25000000,1,2024-01-30T00:17:02.000Z,https://universalis.app/market/3024
3026,Bronze Cuirass,Cloudy Mercer,1000,1,2024-02-08T10:46:49.000Z,https://universalis.app/market/3026
3028,Cotton Tabard,Zenith Gray,16000,1,2024-02-06T06:03:33.000Z,https://universalis.app/market/3028
3036,Cotton Dalmatica,Ime Tachibana,20000,1,2024-02-05T22:49:59.000Z,https://universalis.app/market/3036
3038,Cotton Dalmatica of Gathering,Ahldfohc Sylbrymmsyn,25000,1,2024-02-09T22:13:01.000Z,https://universalis.app/market/3038
3039,Cotton Acton,Angel Blushes,15000,1,2024-01-21T19:09:09.000Z,https://universalis.app/market/3039
3041,Cotton Kurta,Jello Shots,25000,1,2024-02-09T04:36:41.000Z,https://universalis.app/market/3041
3043,Goatskin Jacket,Eschina Blacke,800,1,2024-02-05T13:04:02.000Z,https://universalis.app/market/3043
3045,Iron Cuirass,Adel Pandora,10000,1,2024-02-10T23:18:21.000Z,https://universalis.app/market/3045
3050,Cotton Halfrobe,Silver Yue,13000,1,2024-01-19T23:24:18.000Z,https://universalis.app/market/3050
3052,Cotton Doublet Vest of Crafting,Elextri Natmi,55500,1,2024-02-12T19:13:18.000Z,https://universalis.app/market/3052
3053,Cotton Doublet Vest of Gathering,Stellarvore Thornborn,15550,1,2024-01-18T21:33:32.000Z,https://universalis.app/market/3053
3057,Iron Scale Mail,Khar Zud,4024,1,2024-01-19T19:41:48.000Z,https://universalis.app/market/3057
3060,Cotton Trapper's Tunic,Minute Hour,10000,1,2024-01-20T07:18:46.000Z,https://universalis.app/market/3060
3062,Cotton Robe,Kydo Viridis,75000,1,2024-02-07T02:38:56.000Z,https://universalis.app/market/3062
3064,Initiate's Doublet Vest,Bim Danglefield,22499,1,2024-02-08T00:30:35.000Z,https://universalis.app/market/3064
3065,Initiate's Gown,Zyraia Ilzekai,6495,1,2024-02-09T14:49:11.000Z,https://universalis.app/market/3065
3066,Velveteen Shirt,Ischittz Hachi,22500,1,2024-02-09T17:04:38.000Z,https://universalis.app/market/3066
3068,Heavy Iron Armor,Ansfrid Colryut,19999,1,2024-02-03T14:14:18.000Z,https://universalis.app/market/3068
3076,Vintage Coatee,Avelia Crosshart,14400,1,2024-01-18T04:28:17.000Z,https://universalis.app/market/3076
3009,Moth-eaten Coatee,Deandra Seelen,55000,1,2024-01-24T02:00:49.000Z,https://universalis.app/market/3009
3077,Velveteen Coatee of Crafting,Home Depot,75000,1,2024-01-31T01:52:56.000Z,https://universalis.app/market/3077
3090,Velveteen Cowl,Cid Nan,20000,1,2024-01-31T03:22:12.000Z,https://universalis.app/market/3090
3092,Velveteen Coatee of Gathering,Delroz Pendragon,20000,1,2024-01-31T22:35:00.000Z,https://universalis.app/market/3092
3096,Steel Chainmail,Raven Gall,29999,1,2024-01-18T22:42:08.000Z,https://universalis.app/market/3096
5083,Steel Rings,Lilgoria Nav,1000,4,2024-01-26T05:12:36.000Z,https://universalis.app/market/5083
3099,Toadskin Jerkin,H'rahdi Tia,25000,1,2024-02-11T00:27:40.000Z,https://universalis.app/market/3099
3100,Toadskin Jacket,Frankstral Stasis,29999,1,2024-01-25T07:51:10.000Z,https://universalis.app/market/3100
3102,Steel Cuirass,Farrokh Djt-marouc,4000,1,2024-01-22T08:35:58.000Z,https://universalis.app/market/3102
3104,Velveteen Gown,Kohaku Kurohana,67900,1,2024-02-04T17:25:32.000Z,https://universalis.app/market/3104
3105,Vintage Doublet Vest,Vercity Dreamgaze,40000,1,2024-01-22T08:11:25.000Z,https://universalis.app/market/3105
2998,Frayed Cotton Doublet Vest,Miah Molkot,10000,1,2024-02-03T06:40:46.000Z,https://universalis.app/market/2998
3106,Velveteen Robe,Brave Sparrow,28000,1,2024-02-12T10:24:17.000Z,https://universalis.app/market/3106
3118,Steel Scale Mail,Salamander Sam,50000,1,2024-02-08T16:26:05.000Z,https://universalis.app/market/3118
3120,Velveteen Doublet Vest of Crafting,Exiled Lepus,39999,1,2024-01-21T06:08:25.000Z,https://universalis.app/market/3120
3121,Velveteen Doublet Vest of Gathering,Eji Hotgo,49999,1,2024-01-22T15:19:55.000Z,https://universalis.app/market/3121
3125,Linen Shirt,Anador Tsunareada,29999,1,2024-01-21T10:26:47.000Z,https://universalis.app/market/3125
3127,Heavy Steel Armor,Sigurd Snow-hair,15000,1,2024-01-25T00:54:58.000Z,https://universalis.app/market/3127
3131,Linen Robe,Sigurd Snow-hair,22500,1,2024-02-09T14:49:32.000Z,https://universalis.app/market/3131
3137,Vintage Chef's Apron,Elextri Natmi,200000,1,2024-02-13T02:14:43.000Z,https://universalis.app/market/3137
3012,Stained Chef's Apron,Katie Lokidottir,25400,1,2024-02-06T08:35:36.000Z,https://universalis.app/market/3012
3138,Boarskin Harness,Chestnuggets Ms,30000,1,2024-01-21T09:55:01.000Z,https://universalis.app/market/3138
3140,Linen Cowl,Claire Wolfwind,22500,1,2024-02-08T05:06:46.000Z,https://universalis.app/market/3140
3142,Horn Scale Mail,Nephy Nephneph,58000,1,2024-01-23T01:30:35.000Z,https://universalis.app/market/3142
3144,Linen Coatee of Crafting,Alaria Bajhiri,30000,1,2024-02-01T05:24:25.000Z,https://universalis.app/market/3144
3145,Linen Coatee of Gathering,Puddin Cups,30000,1,2024-01-28T16:45:56.000Z,https://universalis.app/market/3145
3146,Linen Bliaud,Junko Jin,9999,1,2024-01-26T22:16:06.000Z,https://universalis.app/market/3146
3147,Woolen Shirt,Aerin Reece,22500,1,2024-02-09T04:50:20.000Z,https://universalis.app/market/3147
3149,Mythril Cuirass,Leah Valentine,47000,1,2024-01-20T03:52:11.000Z,https://universalis.app/market/3149
3160,Woolen Robe,Fluffy Doughnut,50000,1,2024-01-19T23:05:36.000Z,https://universalis.app/market/3160
3162,Linen Smock,Tsukuyomi Mikoto,75770,1,2024-01-20T11:28:27.000Z,https://universalis.app/market/3162
3163,Linen Doublet,Vahn Leonhart,20000000,1,2024-01-25T23:11:10.000Z,https://universalis.app/market/3163
3164,Vintage Scale Mail,Rimitsu Wintersoul,50000,1,2024-01-25T21:43:56.000Z,https://universalis.app/market/3164
3021,Blackened Scale Mail,Venrinn Hotep,20000,1,2024-02-12T18:02:09.000Z,https://universalis.app/market/3021
3165,Peisteskin Harness,Brathgar Inivisch,50000,1,2024-02-05T04:10:38.000Z,https://universalis.app/market/3165
3172,Ranger's Tunic,Love-punch Jones,23500,1,2024-01-19T04:22:46.000Z,https://universalis.app/market/3172
3176,Woolen Gown,Ayase Mori,39999,1,2024-02-14T05:29:06.000Z,https://universalis.app/market/3176
3177,Boarskin Jerkin,Ime Tachibana,40000,1,2024-02-07T01:30:20.000Z,https://universalis.app/market/3177
3178,Woolen Bliaud,Musica Nexas,4499,1,2024-01-26T11:14:55.000Z,https://universalis.app/market/3178
3180,High Mythril Armor,Vany Emblish,50000,1,2024-01-23T21:37:02.000Z,https://universalis.app/market/3180
3182,Vintage Seneschal Coatee,Miranda Dewynter,25000,1,2024-02-11T13:50:12.000Z,https://universalis.app/market/3182
3098,Moth-eaten Seneschal Coatee,Home Depot,35000,1,2024-01-25T03:12:11.000Z,https://universalis.app/market/3098
3183,Tortoiseshell Scale Mail,Caseyo Abbacchio,25000,1,2024-02-07T08:53:03.000Z,https://universalis.app/market/3183
3185,Felt Robe,Leon Dakrow,25000,1,2024-01-30T20:30:21.000Z,https://universalis.app/market/3185
3187,Woolen Smock,Illidari Nightfall,24999,1,2024-01-30T07:54:11.000Z,https://universalis.app/market/3187
3188,Woolen Doublet,Alucard Screamlord,23750,1,2024-01-29T04:38:18.000Z,https://universalis.app/market/3188
3191,Raptorskin Harness,Darius Huntington,25000,1,2024-02-10T01:20:48.000Z,https://universalis.app/market/3191
3193,Woolen Cowl,Moldy Tofu,20000,1,2024-01-20T08:58:11.000Z,https://universalis.app/market/3193
3201,Rainmaker's Tunic,Venus Rising,12000,1,2024-01-28T18:14:16.000Z,https://universalis.app/market/3201
3203,Cobalt Haubergeon,Day Dreams,55000,1,2024-01-30T00:23:59.000Z,https://universalis.app/market/3203
3205,Felt Gown,Dixie Nesquik,55000,1,2024-02-05T01:35:05.000Z,https://universalis.app/market/3205
3206,Raptorskin Jerkin,Krusos Aureus,49999,1,2024-01-25T03:33:41.000Z,https://universalis.app/market/3206
3208,Vintage Robe,Olivia Layne,69999,1,2024-02-08T00:29:00.000Z,https://universalis.app/market/3208
3108,Tattered Robe,Simon Magus',1000,1,2024-01-26T04:40:36.000Z,https://universalis.app/market/3108
3211,Felt Bliaud,Ladybug Kay,57800,1,2024-02-10T01:57:15.000Z,https://universalis.app/market/3211
3213,Raptorskin Jacket,T'reso Mandragoran,35000,1,2024-01-19T02:25:08.000Z,https://universalis.app/market/3213
3215,Patrician's Coatee,Talon Barns,50000,1,2024-02-03T08:52:55.000Z,https://universalis.app/market/3215
3218,Vintage Haubergeon,Jeiku King,29473,1,2024-01-18T20:25:36.000Z,https://universalis.app/market/3218
3059,Ripped Haubergeon,Star Eirena,1300,1,2024-01-23T07:56:16.000Z,https://universalis.app/market/3059
3230,Blacksmith's Apron,Laughing Goddess,69999,1,2024-01-21T20:04:22.000Z,https://universalis.app/market/3230
3232,Goldsmith's Doublet,Shifter Skyborne,45000,1,2024-01-20T03:52:25.000Z,https://universalis.app/market/3232
3237,Miner's Shirt,Laughing Goddess,70000,1,2024-01-21T20:18:30.000Z,https://universalis.app/market/3237
3238,Botanist's Doublet,Laughing Goddess,69900,1,2024-01-21T20:17:11.000Z,https://universalis.app/market/3238
3239,Fisher's Shirt,Dinah Mirtheart,70000,1,2024-01-30T17:49:58.000Z,https://universalis.app/market/3239
3240,Militia Robe,Mako Belnades,3983,1,2024-02-04T13:58:12.000Z,https://universalis.app/market/3240
3241,Militia Cuirass,Azriel Darkstar,7994,1,2024-01-19T22:54:43.000Z,https://universalis.app/market/3241
3242,Militia Harness,Papadapolis Wort,15000,1,2024-02-03T17:24:07.000Z,https://universalis.app/market/3242
3243,Mosshorn Scale Mail,Puddi Tatt,7000,1,2024-01-31T01:42:12.000Z,https://universalis.app/market/3243
5437,Mossy Horn,Surreal M'ocean,555,1,2024-02-02T17:57:04.000Z,https://universalis.app/market/5437
3244,Dodore Doublet,Nil Cairos,35000,1,2024-01-19T23:21:49.000Z,https://universalis.app/market/3244
5286,Dodore Leather,Momiji Hikaru,3000,2,2024-01-20T21:02:14.000Z,https://universalis.app/market/5286
3249,Imperial Operative Dalmatica,Reacyn Pogue,2000,1,2024-02-01T22:58:10.000Z,https://universalis.app/market/3249
3256,Heavy Darksteel Armor,Khar Zud,3900,1,2024-01-19T19:27:27.000Z,https://universalis.app/market/3256
5585,Darksteel Breastplate,Cinnamon Sugar,2000,2,2024-01-21T17:34:46.000Z,https://universalis.app/market/5585
3257,Darksteel Haubergeon,Meika Nightwhisper,2138,1,2024-01-18T11:28:19.000Z,https://universalis.app/market/3257
5105,Garlean Steel Plate,Ahldfohc Sylbrymmsyn,69999,8,2024-01-19T01:31:56.000Z,https://universalis.app/market/5105
3258,Gryphonskin Jerkin,Riley Drakonis,7198,1,2024-01-18T23:51:08.000Z,https://universalis.app/market/3258
5290,Coeurl Fur,Viola Tiberus,175,2,2024-01-18T19:17:59.000Z,https://universalis.app/market/5290
5581,Gryphonskin Shoulder Guards,Didri Winterset,2100,2,2024-01-29T03:54:44.000Z,https://universalis.app/market/5581
3259,Gryphonskin Tunic,Ahro'sae Yalrah,7000,1,2024-01-28T00:06:17.000Z,https://universalis.app/market/3259
5104,Garlean Steel Joint,Ahldfohc Sylbrymmsyn,62499,2,2024-01-19T01:31:38.000Z,https://universalis.app/market/5104
3260,Vanya Robe of Casting,Kairo Orben,5299,1,2024-02-01T05:17:05.000Z,https://universalis.app/market/3260
5578,Vanya Silk Robe Lining,Didrianna Winterset,2000,1,2024-01-19T04:27:40.000Z,https://universalis.app/market/5578
3261,Vanya Robe of Healing,Ariadne Moeramohtwyn,2463,1,2024-01-26T13:31:01.000Z,https://universalis.app/market/3261
3274,Hempen Breeches,Bishman Whiteflag,30000,1,2024-01-24T01:06:04.000Z,https://universalis.app/market/3274
3275,Hempen Breeches of Crafting,Junko Jin,800,1,2024-01-19T09:36:54.000Z,https://universalis.app/market/3275
3276,Hempen Shepherd's Slops,Idyn Selfin,25000,1,2024-02-03T06:02:22.000Z,https://universalis.app/market/3276
3307,Hempen Underpants,Ridarus Reetat,300000,1,2024-01-26T07:08:58.000Z,https://universalis.app/market/3307
3308,Hempen Pantalettes,Kei Joi,65000000,1,2024-02-04T06:19:32.000Z,https://universalis.app/market/3308
3309,Hempen Chausses,Reiko Rakujo,5000,1,2024-01-31T04:58:13.000Z,https://universalis.app/market/3309
3310,Leather Culottes,U'nanami Hime,50000,1,2024-02-12T18:17:17.000Z,https://universalis.app/market/3310
