id,name,buyerName,pricePerUnit,quantity,timestamp,universalisUrl
1602,Bronze Bastard Sword,Cale Gamble,11104,1,2023-11-04T19:09:41.000Z,https://universalis.app/market/1602
2,Fire Shard,Nir Rjuva,175,55,2023-10-25T01:29:42.000Z,https://universalis.app/market/2
5,Earth Shard,Seely Bytes,175,55,2023-11-06T04:33:08.000Z,https://universalis.app/market/5
5056,Bronze Ingot,Dex Incognito,920,2,2023-10-26T22:40:24.000Z,https://universalis.app/market/5056
5361,Maple Lumber,Tux Rose,992,1,2023-10-22T08:28:05.000Z,https://universalis.app/market/5361
5432,Bone Chip,Sally Sweetcakes,69,1,2023-11-03T12:45:03.000Z,https://universalis.app/market/5432
1603,Viking Sword,Lynne Xo,11114,1,2023-11-03T02:37:52.000Z,https://universalis.app/market/1603
5275,Leather,Ninako Fallheart,998,1,2023-10-21T00:31:46.000Z,https://universalis.app/market/5275
1604,Ash Macuahuitl,Cilia Heart,10000000,1,2023-10-19T01:44:16.000Z,https://universalis.app/market/1604
3,Ice Shard,Jair Tyyresias,100,100,2023-10-19T22:16:17.000Z,https://universalis.app/market/3
4,Wind Shard,Cember Kane,175,55,2023-11-06T02:43:11.000Z,https://universalis.app/market/4
5124,Obsidian,Where'smy Tia,51,99,2023-10-21T18:30:08.000Z,https://universalis.app/market/5124
5364,Ash Lumber,Arthur Sullivan,950,5,2023-11-12T14:19:24.000Z,https://universalis.app/market/5364
1605,Bronze Spatha,Ubito Tabito,10000,1,2023-10-31T14:08:58.000Z,https://universalis.app/market/1605
5276,Hard Leather,Sidon Bearpants,300000,7,2023-10-21T03:45:55.000Z,https://universalis.app/market/5276
5434,Ram Horn,Sephia Blackseraph,33,2,2023-10-31T02:20:53.000Z,https://universalis.app/market/5434
1607,Brass Bastard Sword,Bash Spinner,750,1,2023-10-23T07:31:50.000Z,https://universalis.app/market/1607
5063,Brass Ingot,Edston Barrows,5250,1,2023-11-07T13:02:22.000Z,https://universalis.app/market/5063
1609,Brass Viking Sword,Gelther Ashdale,499,1,2023-10-21T22:06:24.000Z,https://universalis.app/market/1609
5277,Aldgoat Leather,Aizileona Gethmara,20000,2,2023-11-11T03:39:40.000Z,https://universalis.app/market/5277
1611,Carnage Sword,Trik Ari,988,1,2023-10-28T00:23:40.000Z,https://universalis.app/market/1611
1614,Iron Shortsword,Sindri Vanja,9999,1,2023-10-17T07:25:14.000Z,https://universalis.app/market/1614
5057,Iron Ingot,Nyx Daemonborne,1000,8,2023-10-28T21:10:08.000Z,https://universalis.app/market/5057
5367,Elm Lumber,Index Curia,2000,3,2023-10-22T21:15:46.000Z,https://universalis.app/market/5367
1622,Iron Spatha,Nell Higgins,4019,1,2023-11-05T15:32:00.000Z,https://universalis.app/market/1622
5435,Antelope Horn,Lilian Kenesis,1501,1,2023-11-05T23:30:09.000Z,https://universalis.app/market/5435
1625,Steel Broadsword,Monsieur Yasuo,7000,1,2023-10-28T18:43:44.000Z,https://universalis.app/market/1625
5058,Steel Ingot,Flow A'rexu,5002,1,2023-11-08T17:26:51.000Z,https://universalis.app/market/5058
5371,Walnut Lumber,Aqua Slimegirl,3000,9,2023-11-12T21:52:35.000Z,https://universalis.app/market/5371
5444,Wolf Fang,Fuyu Hanako,4948,3,2023-10-22T03:17:58.000Z,https://universalis.app/market/5444
1627,Elm Macuahuitl,Gisthar Va'nen,801,1,2023-11-03T17:39:56.000Z,https://universalis.app/market/1627
1633,Steel Falchion,Umi Kiyomi,19999,1,2023-10-19T01:10:14.000Z,https://universalis.app/market/1633
5260,Siltstone Whetstone,Stevie Thomas,1000,1,2023-10-18T20:17:50.000Z,https://universalis.app/market/5260
1635,Vintage Bastard Sword,Beba Loot,15000,1,2023-10-21T03:29:57.000Z,https://universalis.app/market/1635
8,Fire Crystal,Dread Spawn,85,1000,2023-11-05T01:28:46.000Z,https://universalis.app/market/8
5259,Mudstone Whetstone,Luna Moonshine,500,1,2023-10-18T15:07:00.000Z,https://universalis.app/market/5259
1637,Walnut Macuahuitl,Divinix Windstar,7497,1,2023-11-08T22:52:22.000Z,https://universalis.app/market/1637
5125,Wyvern Obsidian,Mephisto Baelfire,300,73,2023-10-30T16:49:20.000Z,https://universalis.app/market/5125
1639,Steel Longsword,Oberon Yllavaris,40000,1,2023-11-01T02:34:14.000Z,https://universalis.app/market/1639
5504,Fish Glue,Titan Tiddies,3000,10,2023-11-12T01:09:53.000Z,https://universalis.app/market/5504
1613,Blunt Goblin Scimitar,Lune Marpierre,2898,1,2023-11-03T07:06:05.000Z,https://universalis.app/market/1613
1643,Mythril Broadsword,Razeluxe Zenalith,15000,1,2023-10-30T20:25:23.000Z,https://universalis.app/market/1643
5065,Mythril Ingot,Sam Dickey,2999,66,2023-10-18T01:16:08.000Z,https://universalis.app/market/5065
5373,Oak Lumber,Darc Nighthowler,2998,3,2023-10-29T13:53:59.000Z,https://universalis.app/market/5373
1648,Vintage Viking Sword,Vayne Carudas,8000,1,2023-11-08T04:14:20.000Z,https://universalis.app/market/1648
11,Earth Crystal,Surly Panther,1000,50,2023-10-23T07:22:57.000Z,https://universalis.app/market/11
1616,Nicked Viking Sword,Alistaire Al'thor,30035,1,2023-10-26T03:12:09.000Z,https://universalis.app/market/1616
1649,Goblin Longsword,Eith Neir,19000,1,2023-10-29T22:03:05.000Z,https://universalis.app/market/1649
5262,Basilisk Whetstone,Yuki Tomeru,3800,1,2023-10-18T13:04:32.000Z,https://universalis.app/market/5262
1650,Plumed Oak Macuahuitl,Hydro Xander,5000,1,2023-10-21T19:02:41.000Z,https://universalis.app/market/1650
5360,Wildfowl Feather,Bellatrix Moonchild,3000,2,2023-11-11T21:58:34.000Z,https://universalis.app/market/5360
1657,Cobalt Katzbalger,Y'zetta Rhul,9999,1,2023-10-31T04:57:38.000Z,https://universalis.app/market/1657
5059,Cobalt Ingot,Shinobi Dm,2500,10,2023-10-20T17:58:18.000Z,https://universalis.app/market/5059
5066,Electrum Ingot,Shiki Serene,21000,3,2023-10-28T03:39:35.000Z,https://universalis.app/market/5066
5282,Boar Leather,Mannapause Floe,5000,1,2023-11-11T15:42:00.000Z,https://universalis.app/market/5282
1659,Cobalt Shamshir,Oberon Yllavaris,49000,1,2023-11-06T05:07:38.000Z,https://universalis.app/market/1659
5436,Aldgoat Horn,Nezuko Urokodaki,1000,4,2023-10-23T03:15:51.000Z,https://universalis.app/market/5436
1663,Cobalt Winglet,Willem Dafriend,49000,1,2023-10-22T17:40:32.000Z,https://universalis.app/market/1663
5374,Mahogany Lumber,L'azura Manyan,5000,17,2023-10-26T18:30:39.000Z,https://universalis.app/market/5374
5465,Sunrise Tellin,Rainz Bal'fyre,1000,49,2023-10-26T23:10:47.000Z,https://universalis.app/market/5465
5505,Horn Glue,Kana Hanamoto,9300,1,2023-10-27T02:52:36.000Z,https://universalis.app/market/5505
1666,Giantsgall Longsword,Minxie Kha,8097,1,2023-10-29T06:34:55.000Z,https://universalis.app/market/1666
18,Lightning Cluster,Amber Wood,250,500,2023-10-26T10:30:30.000Z,https://universalis.app/market/18
19,Water Cluster,Aziel Yotsune,460,250,2023-11-10T02:25:42.000Z,https://universalis.app/market/19
7620,Diluted Vitriol,Linia Dedoldia,200,8,2023-10-19T18:01:03.000Z,https://universalis.app/market/7620
1670,Aeolian Scimitar,Sepoh Shiri,95799,1,2023-10-23T21:06:07.000Z,https://universalis.app/market/1670
1636,Blunt Aeolian Scimitar,Visca Stormbringer,974,1,2023-10-21T16:31:17.000Z,https://universalis.app/market/1636
5061,Darksteel Nugget,Esme Tyata,5000,2,2023-10-20T00:07:45.000Z,https://universalis.app/market/5061
1673,Mailbreaker,Nebben Eezerscrooge,900,1,2023-10-28T01:59:05.000Z,https://universalis.app/market/1673
14,Fire Cluster,Bruteal Rosaion,175,55,2023-10-25T01:45:18.000Z,https://universalis.app/market/14
17,Earth Cluster,Rui Lin,175,55,2023-11-05T20:50:39.000Z,https://universalis.app/market/17
5068,Rose Gold Nugget,Shinobi Dm,5000,2,2023-10-20T18:20:28.000Z,https://universalis.app/market/5068
5288,Hippogryph Leather,Manami Ueda,5000,1,2023-10-31T18:40:09.000Z,https://universalis.app/market/5288
5570,Mailbreaker Blade,Didrianna Winterset,2024,2,2023-11-02T01:25:40.000Z,https://universalis.app/market/5570
1681,Bone Hora,Fjor Brynja,19700,1,2023-10-19T13:08:21.000Z,https://universalis.app/market/1681
5318,Animal Sinew,Voyce Heart,1000,2,2023-10-20T16:02:17.000Z,https://universalis.app/market/5318
1682,Leather Himantes,Questra Djt-nong,7000,1,2023-10-16T21:03:48.000Z,https://universalis.app/market/1682
5324,Undyed Hempen Cloth,Azathiel Claywork,350,3,2023-10-30T15:12:04.000Z,https://universalis.app/market/5324
1683,Ramhorn Claws,Lydia Bailey,7990,1,2023-11-09T22:34:20.000Z,https://universalis.app/market/1683
1684,Bronze Knuckles,Scootaloo Dash,3000,1,2023-10-27T23:59:34.000Z,https://universalis.app/market/1684
1685,Hard Leather Himantes,Axton Dragonheart,99,1,2023-10-28T15:49:39.000Z,https://universalis.app/market/1685
1686,Brass Knuckles,Tiugh Athair,5014,1,2023-11-02T01:42:13.000Z,https://universalis.app/market/1686
1688,Goatskin Cesti,Nezuko Urokodaki,2000,1,2023-11-01T00:03:06.000Z,https://universalis.app/market/1688
5319,Beast Sinew,Nyx Severin,475,10,2023-10-29T22:02:46.000Z,https://universalis.app/market/5319
1694,Spiked Knuckles,Sindri Vanja,10000,1,2023-10-18T07:28:36.000Z,https://universalis.app/market/1694
5072,Iron Plate,Akuma Mir,1000,6,2023-10-21T18:09:48.000Z,https://universalis.app/market/5072
1697,Toadskin Cesti,Tomoee Gozen,5500,1,2023-10-30T16:00:06.000Z,https://universalis.app/market/1697
5280,Toad Leather,Valiant Asano,3000,2,2023-10-25T17:02:27.000Z,https://universalis.app/market/5280
5320,Diremite Sinew,A'stra Tia,2500,2,2023-10-19T17:36:37.000Z,https://universalis.app/market/5320
1699,Steel Claws,Bree Macintosh,4500,1,2023-10-20T03:05:32.000Z,https://universalis.app/market/1699
5073,Steel Plate,Yuela Valikeer,1500,1,2023-10-23T09:04:20.000Z,https://universalis.app/market/5073
1706,Crabshell Hora,Flavius Stalks,49999,1,2023-10-23T03:01:03.000Z,https://universalis.app/market/1706
5321,Hippogryph Sinew,Zoos Raion,600,46,2023-10-19T17:11:11.000Z,https://universalis.app/market/5321
5456,Green Megalocrab Shell,Sir Slelly,101,1,2023-10-24T15:57:26.000Z,https://universalis.app/market/5456
1708,Boarskin Himantes,Hylaria Eldergleam,64500,1,2023-11-08T11:54:47.000Z,https://universalis.app/market/1708
1711,Mythril Claws,Ume Chorrynth,30000,1,2023-10-20T00:18:37.000Z,https://universalis.app/market/1711
5079,Mythril Plate,Remi Malqir,3000,1,2023-11-01T18:05:56.000Z,https://universalis.app/market/5079
1716,Tortoiseshell Hora,Stevie Thomas,4000,1,2023-10-18T16:15:26.000Z,https://universalis.app/market/1716
5322,Raptor Sinew,Sa'ab Draken,400000,1,2023-11-06T06:58:52.000Z,https://universalis.app/market/5322
5458,Adamantoise Shell,Aramyth Temirath,11,8,2023-10-25T13:33:33.000Z,https://universalis.app/market/5458
1723,Cobalt Knuckles,Raynee Day,29800,1,2023-10-20T18:54:30.000Z,https://universalis.app/market/1723
1728,Peisteskin Cesti,Hans Pendragosi,1000,1,2023-10-21T04:11:14.000Z,https://universalis.app/market/1728
5284,Peiste Leather,Dazlark Rolynn,1700,1,2023-10-23T19:35:30.000Z,https://universalis.app/market/5284
1732,Vintage Hora,Cain Tennos,10110,1,2023-10-29T23:43:00.000Z,https://universalis.app/market/1732
5285,Raptor Leather,Valiant Asano,1690,2,2023-10-25T18:54:46.000Z,https://universalis.app/market/5285
1733,Cobalt Claws,Meyrin Hawk,15000,1,2023-10-27T00:29:28.000Z,https://universalis.app/market/1733
5074,Cobalt Plate,Akuma Mir,3003,2,2023-10-22T03:02:17.000Z,https://universalis.app/market/5074
1736,Giantsgall Claws,Jean Boltguard,4000,1,2023-10-29T18:04:01.000Z,https://universalis.app/market/1736
1740,Wildling's Cesti,Eji Urimet,73000,1,2023-10-26T08:28:08.000Z,https://universalis.app/market/1740
10,Wind Crystal,Niran Pragma,175,55,2023-10-26T21:42:45.000Z,https://universalis.app/market/10
5567,Bloody Cesti Covers,Didrianna Winterset,2000,1,2023-10-25T01:24:30.000Z,https://universalis.app/market/5567
1743,Avengers,Dessi Hyskaris,7164,1,2023-10-26T15:28:09.000Z,https://universalis.app/market/1743
5378,Spruce Lumber,Rum-tum Tugger,4000,3,2023-10-22T03:31:36.000Z,https://universalis.app/market/5378
5571,Avenger Grips,Youspoony Bard,2720,1,2023-11-06T03:58:59.000Z,https://universalis.app/market/5571
1750,Bronze War Axe,Menel Hollowmoon,440000000,1,2023-10-29T03:58:20.000Z,https://universalis.app/market/1750
1751,Bronze Labrys,Anghara Indigo,4106,1,2023-10-21T19:09:24.000Z,https://universalis.app/market/1751
1752,Cloud Axe,Bal Gammon,100,1,2023-10-22T19:10:28.000Z,https://universalis.app/market/1752
1753,Spiked Bronze Labrys,Questra Djt-nong,12000,1,2023-10-17T20:58:44.000Z,https://universalis.app/market/1753
1754,Iron War Axe,Rivv Amolen,1566,1,2023-10-28T01:23:09.000Z,https://universalis.app/market/1754
1756,Iron Labrys,Potato Plato,2533,1,2023-10-21T00:21:23.000Z,https://universalis.app/market/1756
1758,Inferno Axe,Pimoh'to Gascoigne,215,1,2023-10-29T03:45:58.000Z,https://universalis.app/market/1758
1764,Iron Bill,Yahara River,5000,1,2023-10-30T23:23:21.000Z,https://universalis.app/market/1764
4856,Clove Oil,Sei'gi King,3500,5,2023-11-05T23:54:23.000Z,https://universalis.app/market/4856
5368,Yew Lumber,Able Orga,4500,4,2023-11-10T14:08:45.000Z,https://universalis.app/market/5368
1766,Thunderstorm Axe,Maosera Yorha,3000,1,2023-11-08T06:11:28.000Z,https://universalis.app/market/1766
5064,Silver Ingot,Luna Moonshine,4000,1,2023-10-17T20:56:24.000Z,https://universalis.app/market/5064
1769,Spiked Steel Labrys,Arinasai Rokuyari,10000,1,2023-10-17T16:57:53.000Z,https://universalis.app/market/1769
1776,Steel Bardiche,Azaric Katsumi,15000,1,2023-10-16T18:02:05.000Z,https://universalis.app/market/1776
5405,Yew Branch,Camellia Theaceae,1025,20,2023-10-16T04:28:32.000Z,https://universalis.app/market/5405
1778,Steel Bhuj,Isolde Zidon,37000,1,2023-10-16T04:26:39.000Z,https://universalis.app/market/1778
1781,Spiked Mythril Labrys,Ben Sakai,20000,1,2023-10-19T13:54:36.000Z,https://universalis.app/market/1781
1786,Mythril Bhuj,Urasha Exiledsol,20000,1,2023-10-16T22:49:27.000Z,https://universalis.app/market/1786
1796,Buccaneer's Bardiche,Cocoa Puffins,49000,1,2023-10-26T04:10:06.000Z,https://universalis.app/market/1796
5414,Rosewood Branch,Remi Malqir,1000,5,2023-10-22T04:43:14.000Z,https://universalis.app/market/5414
1801,Demilune Bhuj,Mel Milli,30000,1,2023-10-24T20:29:02.000Z,https://universalis.app/market/1801
5196,Jadeite,Kaine' Nier,3333,2,2023-10-22T00:17:18.000Z,https://universalis.app/market/5196
1803,Spiked Cobalt Labrys,Rui Lin,30000,1,2023-10-18T01:29:16.000Z,https://universalis.app/market/1803
5376,Rosewood Lumber,Ahldfohc Sylbrymmsyn,3500,1,2023-10-18T20:25:06.000Z,https://universalis.app/market/5376
1806,Giantsgall War Axe,Ugandan Zeo,8164,1,2023-10-27T00:03:40.000Z,https://universalis.app/market/1806
7580,Mossy Stone Axe,Niamh Irving,800,2,2023-10-23T00:19:44.000Z,https://universalis.app/market/7580
1810,Barbarian's Bardiche,Mommy Dragonhorns,68999,1,2023-10-23T01:23:57.000Z,https://universalis.app/market/1810
5566,Bloody Bardiche Head,Isa Yoruichi,3016,1,2023-11-03T16:33:45.000Z,https://universalis.app/market/5566
1813,Rampager,Nebben Eezerscrooge,9000,1,2023-10-28T01:59:55.000Z,https://universalis.app/market/1813
5075,Darksteel Plate,Tekada Talos,5200,1,2023-10-28T01:44:48.000Z,https://universalis.app/market/5075
5572,Rampager Head,Didrianna Winterset,2000,2,2023-10-21T01:24:49.000Z,https://universalis.app/market/5572
1820,Bone Harpoon,Snooze Time,2000,1,2023-11-06T22:37:26.000Z,https://universalis.app/market/1820
5503,Animal Glue,Raynee Day,600,1,2023-10-21T08:33:02.000Z,https://universalis.app/market/5503
1821,Bronze Spear,Anghara Indigo,3000,1,2023-10-21T19:07:58.000Z,https://universalis.app/market/1821
5482,Fish Oil,Roric Elendor,30,99,2023-11-04T07:39:46.000Z,https://universalis.app/market/5482
1822,Ramhorn Harpoon,Genevieve Dubois,7000,1,2023-11-08T00:04:15.000Z,https://universalis.app/market/1822
1823,Feathered Harpoon,Zephyr Ridel,10000,1,2023-10-29T13:15:01.000Z,https://universalis.app/market/1823
5352,Crow Feather,Ouka Ootori,800,1,2023-10-27T15:05:42.000Z,https://universalis.app/market/5352
5433,Soiled Femur,Chris Sharkbait,701,1,2023-10-18T10:30:23.000Z,https://universalis.app/market/5433
1824,Brass Spear,Cain Tennos,100,1,2023-10-28T20:31:06.000Z,https://universalis.app/market/1824
1825,Iron Spear,Nightmare Gaverna,7999,1,2023-10-21T10:06:07.000Z,https://universalis.app/market/1825
1827,Iron Lance,Oberon Yllavaris,25000,1,2023-10-17T08:31:49.000Z,https://universalis.app/market/1827
1833,Iron Guisarme,Biggest Lalafell,5000,1,2023-10-23T16:15:58.000Z,https://universalis.app/market/1833
1836,Silver Battle Fork,Jijima Jima,6000,1,2023-10-23T01:23:58.000Z,https://universalis.app/market/1836
5484,Crab Oil,Maki Supa,5000,1,2023-10-16T01:07:25.000Z,https://universalis.app/market/5484
1838,Steel Halberd,Conc Blast,5000,1,2023-11-03T23:28:43.000Z,https://universalis.app/market/1838
1845,Steel Spear,Cain Tennos,10000,1,2023-11-01T00:15:52.000Z,https://universalis.app/market/1845
1847,Heavy Steel Lance,Strider Strix,15000,1,2023-11-09T02:50:33.000Z,https://universalis.app/market/1847
1850,Yarzonshell Harpoon,Anteres Hasov,19000,1,2023-10-19T02:40:28.000Z,https://universalis.app/market/1850
5454,Yellow Yarzon Leg,Amber Mystic,61,10,2023-10-17T21:43:10.000Z,https://universalis.app/market/5454
1855,Mythril Lance,Conc Blast,50000,1,2023-11-03T23:28:58.000Z,https://universalis.app/market/1855
1862,Cobalt Halberd,Tate Tate,39999,1,2023-11-03T08:18:39.000Z,https://universalis.app/market/1862
1867,Cobalt Trident,Kassandra Kobayashi,23000,1,2023-10-17T06:00:01.000Z,https://universalis.app/market/1867
5486,Shark Oil,Izayoi Hattori,4444,1,2023-11-09T01:43:38.000Z,https://universalis.app/market/5486
1871,Vintage Guisarme,Dazlark Rolynn,9999,1,2023-10-23T19:33:47.000Z,https://universalis.app/market/1871
9,Ice Crystal,Llityer Haneli,998,200,2023-11-11T20:08:34.000Z,https://universalis.app/market/9
1872,Hart Guisarme,Alice Vibing,30000,1,2023-10-16T09:55:17.000Z,https://universalis.app/market/1872
1875,Giantsgall Trident,Hobie Overheaven,8000,1,2023-10-30T22:35:18.000Z,https://universalis.app/market/1875
7582,Mossy Stone Spear,Linia Dedoldia,375,1,2023-10-19T18:02:30.000Z,https://universalis.app/market/7582
1879,Champion's Lance,No Rin,89097,1,2023-10-27T13:02:49.000Z,https://universalis.app/market/1879
5565,Bloody Lance Head,Selif Azrim,7498,1,2023-10-18T01:50:04.000Z,https://universalis.app/market/5565
1882,Obelisk,Sonya Roda,4499,1,2023-11-01T07:01:32.000Z,https://universalis.app/market/1882
5573,Obelisk Head,Didrianna Winterset,1800,2,2023-10-21T01:25:02.000Z,https://universalis.app/market/5573
1891,Maple Shortbow,Adain Odinsbane,8000,1,2023-10-16T15:12:41.000Z,https://universalis.app/market/1891
5333,Hempen Yarn,Mide Mizuki,200,8,2023-11-12T01:36:19.000Z,https://universalis.app/market/5333
1892,Maple Longbow,Yulia Solay,3400,1,2023-10-22T20:37:46.000Z,https://universalis.app/market/1892
5396,Maple Branch,B'alih Tiartry,80000000,1,2023-10-29T05:48:53.000Z,https://universalis.app/market/5396
1893,Plumed Maple Shortbow,Yuki Tomeru,148,1,2023-10-23T10:44:41.000Z,https://universalis.app/market/1893
5351,Cock Feather,S'ora Tia,199,3,2023-10-18T01:44:51.000Z,https://universalis.app/market/5351
1894,Wrapped Maple Longbow,B'arhll Shikhu,200,1,2023-10-17T04:50:22.000Z,https://universalis.app/market/1894
5402,Ash Branch,Yora Rofnhiru,480,7,2023-10-22T15:39:37.000Z,https://universalis.app/market/5402
1895,Ash Shortbow,Cordelia Windrunner,10000,1,2023-11-01T22:12:29.000Z,https://universalis.app/market/1895
1897,Elm Longbow,Shiro Chan,14999,1,2023-10-23T22:27:34.000Z,https://universalis.app/market/1897
5334,Cotton Yarn,Luna Moonshine,444,7,2023-10-20T15:10:18.000Z,https://universalis.app/market/5334
1899,Elm Velocity Bow,Questra Djt-nong,20000,1,2023-10-23T14:41:24.000Z,https://universalis.app/market/1899
1905,Wrapped Elm Longbow,Weihan Jin,8000,1,2023-10-22T20:39:38.000Z,https://universalis.app/market/1905
1908,Ash Composite Bow,Questra Djt-nong,3000,1,2023-10-25T21:19:02.000Z,https://universalis.app/market/1908
1915,Ash Cavalry Bow,Sam Dickey,10000,1,2023-10-18T03:04:37.000Z,https://universalis.app/market/1915
5409,Oak Branch,Gurann Natsu,324,8,2023-10-21T23:17:45.000Z,https://universalis.app/market/5409
1917,Oak Longbow,Lord Sabaoth,30000,1,2023-10-16T00:59:36.000Z,https://universalis.app/market/1917
5336,Linen Yarn,Lilian Kenesis,5000,10,2023-11-06T10:20:33.000Z,https://universalis.app/market/5336
1920,Mythril Cavalry Bow,Solaara Windynn,30000,1,2023-10-21T00:48:44.000Z,https://universalis.app/market/1920
1925,Oak Composite Bow,Sonorous Bell,55000,1,2023-10-20T09:37:46.000Z,https://universalis.app/market/1925
1932,Cobalt Cavalry Bow,Meyrin Hawk,72000,1,2023-10-21T22:48:40.000Z,https://universalis.app/market/1932
1937,Yew Longbow,Drahlia Lancer,49999,1,2023-11-01T20:51:04.000Z,https://universalis.app/market/1937
1941,Vintage Bow,Lucian Adonis,25000,1,2023-10-20T02:36:01.000Z,https://universalis.app/market/1941
1942,Crab Bow,Invitation Tohades,49999,1,2023-10-23T06:57:39.000Z,https://universalis.app/market/1942
5462,Red Coral,Ibram Fairclough,5000,2,2023-10-22T22:33:06.000Z,https://universalis.app/market/5462
1945,Giantsgall Longbow,Nebben Eezerscrooge,4964,1,2023-10-28T01:38:22.000Z,https://universalis.app/market/1945
7583,Mossy Stone Bow,Linia Dedoldia,100,3,2023-10-19T18:02:42.000Z,https://universalis.app/market/7583
1949,Longarm's Composite Bow,Nakia Uchiha,100000,1,2023-11-04T06:35:33.000Z,https://universalis.app/market/1949
5568,Bloody Bow Rim,Puck Caelum,2397,1,2023-10-27T03:57:57.000Z,https://universalis.app/market/5568
1953,Sarnga,Mia Lo,5162,1,2023-11-05T03:55:59.000Z,https://universalis.app/market/1953
15,Ice Cluster,Damnit Dankim,59,101,2023-11-10T06:47:57.000Z,https://universalis.app/market/15
16,Wind Cluster,Irie Yagami,300,150,2023-10-16T22:34:25.000Z,https://universalis.app/market/16
5574,Sarnga Limb,Didrianna Winterset,2099,2,2023-10-21T01:25:16.000Z,https://universalis.app/market/5574
1958,Maple Wand,Sindri Vanja,10000,1,2023-10-16T10:32:21.000Z,https://universalis.app/market/1958
6,Lightning Shard,Renren Seavile,800,200,2023-11-07T19:01:25.000Z,https://universalis.app/market/6
7,Water Shard,Robin Dragon,175,55,2023-11-06T04:14:45.000Z,https://universalis.app/market/7
5470,Growth Formula Alpha,Ninako Fallheart,200,1,2023-10-21T00:54:37.000Z,https://universalis.app/market/5470
1959,Whispering Maple Wand,Ahara Star,3200,1,2023-10-20T00:31:11.000Z,https://universalis.app/market/1959
1960,Budding Maple Wand,Jijima Jima,4999,1,2023-10-19T20:37:39.000Z,https://universalis.app/market/1960
5492,Beastkin Blood,Ai Zgod,50,1,2023-10-28T09:57:53.000Z,https://universalis.app/market/5492
1961,Ash Wand,Lee Milkus,1500,1,2023-11-06T04:37:34.000Z,https://universalis.app/market/1961
5471,Growth Formula Beta,Yami Celes,3000,2,2023-10-25T05:22:52.000Z,https://universalis.app/market/5471
1963,Budding Ash Wand,Yunalesca Yevon,10000,1,2023-10-16T06:14:47.000Z,https://universalis.app/market/1963
1965,Whispering Ash Wand,Ishtar Anastasia,3499,1,2023-10-30T02:13:09.000Z,https://universalis.app/market/1965
5493,Scalekin Blood,Yami Celes,2000,5,2023-10-17T04:37:11.000Z,https://universalis.app/market/5493
1967,Yew Wand,Oberon Yllavaris,9500,1,2023-10-20T01:22:59.000Z,https://universalis.app/market/1967
1969,Budding Yew Wand,Ume Chorrynth,10000,1,2023-10-24T23:35:09.000Z,https://universalis.app/market/1969
1971,Budding Oak Wand,Oberon Yllavaris,30000,1,2023-10-23T06:50:03.000Z,https://universalis.app/market/1971
4603,Hi-Potion of Mind,Khang Nguyen,1000,3,2023-10-29T19:33:45.000Z,https://universalis.app/market/4603
1974,Wand of Frost,Keygon Drakenguard,37000,1,2023-10-30T03:45:26.000Z,https://universalis.app/market/1974
5199,Eye of Ice,Terry Fay,118,1,2023-10-20T01:51:32.000Z,https://universalis.app/market/5199
5472,Growth Formula Gamma,Khang Nguyen,15000,5,2023-10-29T19:35:29.000Z,https://universalis.app/market/5472
1976,Wand of Tremors,Hydro Xander,44000,1,2023-10-30T23:34:31.000Z,https://universalis.app/market/1976
5201,Eye of Earth,Akuma Mir,275,5,2023-10-22T22:08:48.000Z,https://universalis.app/market/5201
1978,Wand of Tides,Minight Yamato,30000,1,2023-10-26T23:09:45.000Z,https://universalis.app/market/1978
5203,Eye of Water,Terry Fay,15,1,2023-10-20T04:09:19.000Z,https://universalis.app/market/5203
1981,Wand of Flames,Zero Windstalker,1000,1,2023-10-30T05:52:11.000Z,https://universalis.app/market/1981
5198,Eye of Fire,Rui Lin,797,2,2023-10-17T16:49:10.000Z,https://universalis.app/market/5198
5200,Eye of Wind,Story Scrivener,250,2,2023-10-25T17:17:48.000Z,https://universalis.app/market/5200
1985,Wand of Storms,L'nuray Liviana,1200,1,2023-10-23T03:06:00.000Z,https://universalis.app/market/1985
5202,Eye of Lightning,Talesh Nymphaea,100,1,2023-10-24T11:42:35.000Z,https://universalis.app/market/5202
1987,Budding Rosewood Wand,Meyrin Hawk,59999,1,2023-10-23T05:44:51.000Z,https://universalis.app/market/1987
4608,Mega-Potion of Mind,Raynee Day,10000,1,2023-10-17T02:25:30.000Z,https://universalis.app/market/4608
5494,Spoken Blood,Fox Warbird,3100,3,2023-11-08T12:01:00.000Z,https://universalis.app/market/5494
1996,Maple Cane,Fjor Brynja,9994,1,2023-10-18T12:35:21.000Z,https://universalis.app/market/1996
1997,Maple Crook,Mikha Magala,25000,1,2023-11-02T03:30:08.000Z,https://universalis.app/market/1997
1998,Ash Radical,Dragorloth Savira,2000,1,2023-10-19T20:39:57.000Z,https://universalis.app/market/1998
2000,Elm Cane,Saiko Busujima,4000,1,2023-11-05T04:41:01.000Z,https://universalis.app/market/2000
2002,Elm Crook,Ai Zgod,219,1,2023-10-28T20:20:58.000Z,https://universalis.app/market/2002
2004,Yew Radical,Laffles Kett,10000,1,2023-10-24T01:22:28.000Z,https://universalis.app/market/2004
2010,Pastoral Yew Cane,Ai Zgod,500,1,2023-10-28T20:20:27.000Z,https://universalis.app/market/2010
2011,Yew Crook,Oberon Yllavaris,4444,1,2023-10-20T01:22:15.000Z,https://universalis.app/market/2011
2015,Walnut Cane,Cocoa Puffins,29999,1,2023-10-25T05:49:58.000Z,https://universalis.app/market/2015
2021,Plumed Yew Crook,Mykhala Whiteflame,3000,1,2023-11-12T20:19:48.000Z,https://universalis.app/market/2021
2023,Oak Radical,Oberon Yllavaris,20000,1,2023-11-01T02:34:05.000Z,https://universalis.app/market/2023
2026,Pastoral Oak Cane,Hydro Xander,30000,1,2023-10-16T21:54:01.000Z,https://universalis.app/market/2026
2030,Sprouting Rosewood Radical,Zarra Song,16990,1,2023-11-04T20:22:53.000Z,https://universalis.app/market/2030
2039,Jade Crook,Mikha Magala,39999,1,2023-11-05T06:04:27.000Z,https://universalis.app/market/2039
2041,Vintage Cane,Blast'a Masta,25000,1,2023-10-16T16:46:20.000Z,https://universalis.app/market/2041
2014,Splintered Cane,Swedish Fika,30000,1,2023-10-24T16:36:00.000Z,https://universalis.app/market/2014
2044,Pastoral Mahogany Cane,Lunaria Moonschild,8000,1,2023-10-23T18:51:49.000Z,https://universalis.app/market/2044
5335,Dew Thread,Shiki Serene,3200,2,2023-10-22T21:05:13.000Z,https://universalis.app/market/5335
2047,Tane Mahuta,Miss Mako,22799,1,2023-10-22T20:53:15.000Z,https://universalis.app/market/2047
5555,Ochu Vine,Elyse Heilende,5000,5,2023-10-27T04:19:29.000Z,https://universalis.app/market/5555
2048,Giantsgall Cane,Norton Campbell,2975,1,2023-11-02T20:11:11.000Z,https://universalis.app/market/2048
7585,Mossy Stone Rod,Linia Dedoldia,45,1,2023-10-19T18:02:49.000Z,https://universalis.app/market/7585
2049,Madman's Whispering Rod,Aisling Greytide,95000,1,2023-10-25T00:33:31.000Z,https://universalis.app/market/2049
12,Lightning Crystal,Clif Ardu,175,55,2023-10-29T11:52:43.000Z,https://universalis.app/market/12
13,Water Crystal,Llityer Haneli,175,55,2023-11-11T20:10:09.000Z,https://universalis.app/market/13
5473,Growth Formula Delta,Folly Crown,3995,2,2023-11-08T02:07:30.000Z,https://universalis.app/market/5473
5537,Thavnairian Mistletoe,Shin Silverspark,248,4,2023-11-03T07:27:07.000Z,https://universalis.app/market/5537
5547,Vampire Plant,Amethyst Dreamer,879,7,2023-11-05T17:14:56.000Z,https://universalis.app/market/5547
2051,Alkalurops,Hiraeth Verne,2763,1,2023-11-02T03:40:56.000Z,https://universalis.app/market/2051
5575,Suspended Trillium Flower,Didrianna Winterset,2000,2,2023-11-02T01:26:24.000Z,https://universalis.app/market/5575
2056,Bone Brand,Helmiknok Dadestoryer,10000,1,2023-10-17T23:20:25.000Z,https://universalis.app/market/2056
5197,Marbled Eye,Sweet Sake,1800,10,2023-10-16T13:52:17.000Z,https://universalis.app/market/5197
2057,Copper Scepter,Kohaku Kurohana,2000,1,2023-11-09T21:37:36.000Z,https://universalis.app/market/2057
5062,Copper Ingot,Vivian Vacuus,150,1,2023-11-04T18:51:27.000Z,https://universalis.app/market/5062
2058,Bronze Scepter,Drogo Barriot,1000,1,2023-10-16T14:15:52.000Z,https://universalis.app/market/2058
2059,Brass Cudgel,Oberon Yllavaris,999,1,2023-10-16T12:24:41.000Z,https://universalis.app/market/2059
2061,Decorated Copper Scepter,Venger Spinebreaker,8000,1,2023-10-27T23:28:52.000Z,https://universalis.app/market/2061
5258,Ragstone Whetstone,Kieran Corvinus,2000,1,2023-11-11T17:36:09.000Z,https://universalis.app/market/5258
2063,Wind Brand,Nell Higgins,15000,1,2023-11-05T15:32:33.000Z,https://universalis.app/market/2063
2066,Ice Brand,Drogo Barriot,5024,1,2023-10-18T22:15:52.000Z,https://universalis.app/market/2066
2069,Silver Scepter,Itaka Lua,25,1,2023-11-05T14:47:01.000Z,https://universalis.app/market/2069
5527,Brimstone,Beer Pup,1200,14,2023-10-23T06:47:37.000Z,https://universalis.app/market/5527
2071,Earth Brand,Umai Otousan,49999,1,2023-10-18T22:14:41.000Z,https://universalis.app/market/2071
2076,Decorated Silver Scepter,Itaka Lua,1000,1,2023-11-06T13:58:52.000Z,https://universalis.app/market/2076
2078,Fire Brand,Raynee Day,29000,1,2023-10-17T02:07:47.000Z,https://universalis.app/market/2078
2083,Lightning Brand,Zaphyria Lantosi,9999,1,2023-10-29T16:39:21.000Z,https://universalis.app/market/2083
5489,Quicksilver,Tate Tate,799,2,2023-11-05T13:27:24.000Z,https://universalis.app/market/5489
5092,Iron Rivets,Vivian Lily,4000,1,2023-10-28T13:36:57.000Z,https://universalis.app/market/5092
2094,Water Brand,Arinasai Rokuyari,7007,1,2023-10-26T15:32:26.000Z,https://universalis.app/market/2094
2097,Jade Scepter,Unicorn Plant,5000,1,2023-10-21T01:09:46.000Z,https://universalis.app/market/2097
5168,Jade,Cinnamon Apple,100,21,2023-10-16T11:56:06.000Z,https://universalis.app/market/5168
5439,Ogre Horn,Ms Eldari,240,10,2023-10-16T09:53:19.000Z,https://universalis.app/market/5439
2102,Sanguine Scepter,Se'rah Farron,92000,1,2023-10-19T02:22:41.000Z,https://universalis.app/market/2102
5206,Pinprick Pebble,Talesh Nymphaea,41,2,2023-11-11T11:13:53.000Z,https://universalis.app/market/5206
2106,Bone Staff,Sabyne Tage,3400,1,2023-10-29T16:56:25.000Z,https://universalis.app/market/2106
2107,Ramhorn Staff,Gelther Ashdale,5000,1,2023-10-24T23:27:16.000Z,https://universalis.app/market/2107
5442,Bat Fang,Yuber Grimgeir,1000,3,2023-10-24T18:19:55.000Z,https://universalis.app/market/5442
2109,Toothed Ramhorn Staff,Yora Rofnhiru,24000,1,2023-10-21T17:42:11.000Z,https://universalis.app/market/2109
2111,Staghorn Staff,Fox Warbird,20000,1,2023-10-27T01:02:31.000Z,https://universalis.app/market/2111
2116,Sanguine Horn Staff,Uni Kriezyk,299,1,2023-10-21T04:18:49.000Z,https://universalis.app/market/2116
2118,Toothed Staghorn Staff,Eric Boranez,1999,1,2023-10-25T08:32:08.000Z,https://universalis.app/market/2118
2121,Goathorn Staff,Brianna Soltera,10000,1,2023-10-29T02:30:00.000Z,https://universalis.app/market/2121
2123,Toothed Goathorn Staff,Pella Peach,64999,1,2023-10-23T00:45:52.000Z,https://universalis.app/market/2123
2125,Horn Staff,Nova Astrophel,39999,1,2023-11-05T07:59:57.000Z,https://universalis.app/market/2125
2130,Black Horn Staff,Tenshi Itik,8299,1,2023-10-27T04:33:00.000Z,https://universalis.app/market/2130
2133,Ivory Staff,Kayn Sukehiro,29999,1,2023-10-26T05:56:43.000Z,https://universalis.app/market/2133
2136,Giantsgall Longstaff,Sulia Beaugard,7500,1,2023-11-01T02:23:34.000Z,https://universalis.app/market/2136
7584,Mossy Stone Staff,Niamh Irving,1000,1,2023-10-23T03:38:23.000Z,https://universalis.app/market/7584
2139,Astrolabe,Khisanth Teralind,7999,1,2023-10-23T16:13:13.000Z,https://universalis.app/market/2139
5576,Astrolabe Clinometer,Didrianna Winterset,2050,2,2023-11-02T01:26:41.000Z,https://universalis.app/market/5576
2143,Leather Grimoire,Slamwise Bamgee,18000,1,2023-11-06T23:28:42.000Z,https://universalis.app/market/2143
5380,Maple Log,Bruteal Rosaion,150,86,2023-10-25T02:47:07.000Z,https://universalis.app/market/5380
5475,Enchanted Copper Ink,Mide Mizuki,480,1,2023-11-12T01:35:34.000Z,https://universalis.app/market/5475
2144,Maple Picatrix,Ouka Ootori,3000,1,2023-10-20T15:53:36.000Z,https://universalis.app/market/2144
2145,Engraved Leather Grimoire,Nell Higgins,3333,1,2023-11-04T17:53:12.000Z,https://universalis.app/market/2145
5383,Ash Log,Raynee Day,500,99,2023-10-16T18:49:11.000Z,https://universalis.app/market/5383
2146,Ash Picatrix,Mr Mattattack,7000,1,2023-10-16T07:13:31.000Z,https://universalis.app/market/2146
2147,Hard Leather Grimoire,Mindamo Feldamo,15000,1,2023-10-16T01:43:18.000Z,https://universalis.app/market/2147
5385,Elm Log,Akuma Mir,257,57,2023-10-19T19:00:22.000Z,https://universalis.app/market/5385
5476,Enchanted Iron Ink,Amber Mystic,600,2,2023-10-17T20:56:48.000Z,https://universalis.app/market/5476
2149,Engraved Hard Leather Grimoire,Faul'st Helio,9999,1,2023-10-22T15:13:02.000Z,https://universalis.app/market/2149
5386,Yew Log,Aizen Margrace,389,99,2023-11-12T02:29:46.000Z,https://universalis.app/market/5386
2151,Yew Picatrix,Iremia Vorpel,12000,1,2023-10-22T13:08:52.000Z,https://universalis.app/market/2151
2156,Goatskin Grimoire,Hydro Xander,15000,1,2023-10-25T00:31:01.000Z,https://universalis.app/market/2156
5477,Enchanted Silver Ink,Nathan Lexington,8000,14,2023-10-24T22:45:38.000Z,https://universalis.app/market/5477
2160,Engraved Goatskin Grimoire,Kassandra Kobayashi,25000,1,2023-10-17T06:01:15.000Z,https://universalis.app/market/2160
5388,Walnut Log,Miah Molkoh,500,5,2023-10-27T23:22:37.000Z,https://universalis.app/market/5388
2166,Book of Silver,Beer Pup,20000,1,2023-11-01T06:46:43.000Z,https://universalis.app/market/2166
5390,Oak Log,Nyx Severin,483,23,2023-11-08T22:23:14.000Z,https://universalis.app/market/5390
2169,Embossed Book of Silver,Beer Pup,65000,1,2023-11-06T02:56:39.000Z,https://universalis.app/market/2169
2174,Book of Mythril,Ume Chorrynth,22000,1,2023-10-28T23:57:08.000Z,https://universalis.app/market/2174
5346,Flax,Coal Steel,400,4,2023-10-26T01:36:22.000Z,https://universalis.app/market/5346
5478,Enchanted Mythril Ink,Trianna Kitaan,99,2,2023-10-24T21:54:09.000Z,https://universalis.app/market/5478
2184,Vintage Picatrix,Pinkus Kinkus,30050,1,2023-10-27T20:59:02.000Z,https://universalis.app/market/2184
2158,Brittle Picatrix,Lilian Kenesis,1600,1,2023-11-06T10:24:28.000Z,https://universalis.app/market/2158
2185,Book of Electrum,Wire Tapper,1090,1,2023-10-25T05:56:03.000Z,https://universalis.app/market/2185
5337,Woolen Yarn,Kassandra Kobayashi,10002,2,2023-11-01T04:31:10.000Z,https://universalis.app/market/5337
5393,Rosewood Log,Kana Hanamoto,470,18,2023-10-27T03:01:34.000Z,https://universalis.app/market/5393
5479,Enchanted Electrum Ink,J'aminae Raja,100,2,2023-10-26T02:43:17.000Z,https://universalis.app/market/5479
2189,Embossed Book of Electrum,Lost Energydrink,30000,1,2023-10-27T03:49:33.000Z,https://universalis.app/market/2189
2193,Cantamina Thavnaria,Nebben Eezerscrooge,6000,1,2023-10-28T01:41:16.000Z,https://universalis.app/market/2193
5481,Enchanted Rose Gold Ink,Thorn Pathwalker,10000,4,2023-11-09T17:54:07.000Z,https://universalis.app/market/5481
2194,Medica Thavnaria,Rikku Bigdong,3165,1,2023-10-29T20:45:57.000Z,https://universalis.app/market/2194
2201,Erudite's Picatrix of Healing,Lileoga Lileiga,26729,1,2023-10-23T01:33:48.000Z,https://universalis.app/market/2201
5480,Enchanted Gold Ink,Rheina Cha,9000,1,2023-11-07T01:46:03.000Z,https://universalis.app/market/5480
5569,Bloody Grimoire Binding,Tabius Korinthos,3998,1,2023-11-03T20:35:24.000Z,https://universalis.app/market/5569
2202,Erudite's Picatrix of Casting,Kilos Cat,59800,1,2023-10-20T01:25:53.000Z,https://universalis.app/market/2202
2211,Deus Ex Verbis,Nebben Eezerscrooge,1500,1,2023-10-28T01:41:24.000Z,https://universalis.app/market/2211
5338,Silk Thread,Lord Valkyrie,2500,1,2023-10-20T08:55:11.000Z,https://universalis.app/market/5338
2212,Deus Ex Gratia,Nebben Eezerscrooge,1995,1,2023-10-28T01:43:55.000Z,https://universalis.app/market/2212
2219,Square Maple Shield,Clown Chan,128200000,1,2023-11-05T23:45:52.000Z,https://universalis.app/market/2219
5091,Bronze Rivets,Biggest Lalafell,400,12,2023-10-18T17:28:01.000Z,https://universalis.app/market/5091
12524,Titanium Nugget,Embla Mucuc,3500,2,2023-10-16T02:36:38.000Z,https://universalis.app/market/12524
12529,Titanium Rivets,Jeanna Starfoot,13006,3,2023-10-16T02:13:10.000Z,https://universalis.app/market/12529
12658,Dusk Leather,Jodhi Greywyr,390000,1,2023-10-29T03:03:12.000Z,https://universalis.app/market/12658
2226,Bronze Hoplon,Leucion Cross,20003,1,2023-11-03T20:36:03.000Z,https://universalis.app/market/2226
5071,Bronze Plate,Chris Sharkbait,500,3,2023-10-18T10:31:31.000Z,https://universalis.app/market/5071
2228,Round Shield,Chika Hakari,10000000,1,2023-11-09T02:03:36.000Z,https://universalis.app/market/2228
2229,Leather Targe,Potato Plato,199,1,2023-10-23T04:57:34.000Z,https://universalis.app/market/2229
2230,Bronze Scutum,Zephyr Ridel,7104,1,2023-10-30T21:29:07.000Z,https://universalis.app/market/2230
2231,Bronze Buckler,A'stra Tia,2900,1,2023-10-19T18:39:47.000Z,https://universalis.app/market/2231
2233,Square Ash Shield,Estelle Bright,1007,1,2023-11-05T19:33:46.000Z,https://universalis.app/market/2233
2236,Iron Hoplon,Crepes Suzette,40000,1,2023-10-21T19:28:00.000Z,https://universalis.app/market/2236
2238,Vintage Square Shield,Drogo Barriot,15000,1,2023-10-21T15:34:42.000Z,https://universalis.app/market/2238
4859,Cider Vinegar,Thistle Odeng,90,2,2023-10-19T00:59:14.000Z,https://universalis.app/market/4859
2239,Ironclad Bronze Buckler,Shono Kagon,125000,1,2023-10-20T03:03:21.000Z,https://universalis.app/market/2239
2241,Iron Lantern Shield,Ice Dragon,9000,1,2023-10-24T16:32:57.000Z,https://universalis.app/market/2241
5998,Tallow Candle,Xion Zero,2000,1,2023-10-16T22:02:35.000Z,https://universalis.app/market/5998
2242,Iron Scutum,Morinaga Bairon,5000,1,2023-10-24T00:12:02.000Z,https://universalis.app/market/2242
2246,Viper-crested Round Shield,Moighty Fine,3000,1,2023-10-23T20:42:25.000Z,https://universalis.app/market/2246
2248,Iron Kite Shield,Ilya Oryen,666,1,2023-10-20T06:28:15.000Z,https://universalis.app/market/2248
2250,Goatskin Targe,Erika Underhill,5000,1,2023-10-30T02:02:37.000Z,https://universalis.app/market/2250
5093,Steel Rivets,Auhs Les,9000,3,2023-10-27T15:48:53.000Z,https://universalis.app/market/5093
2257,Bull Hoplon,Amati Amour,13000,1,2023-10-17T19:32:01.000Z,https://universalis.app/market/2257
2260,Decorated Buckler,Kinji Hakari,4999,1,2023-10-19T23:32:18.000Z,https://universalis.app/market/2260
2262,Decorated Iron Scutum,Drogo Barriot,15000,1,2023-10-26T19:55:28.000Z,https://universalis.app/market/2262
2227,Notched Buckler,Nyohri Viyashe,7000,1,2023-10-19T16:09:34.000Z,https://universalis.app/market/2227
2268,Bladed Lantern Shield,Artifice Theia,9677,1,2023-10-23T19:13:32.000Z,https://universalis.app/market/2268
2270,Raptorskin Targe,Swedish Fika,39999,1,2023-10-25T21:27:32.000Z,https://universalis.app/market/2270
5099,Mythril Rivets,Primula Heart,8800,1,2023-11-10T11:12:32.000Z,https://universalis.app/market/5099
2278,Vintage Scutum,Selphast Sesharial,14000,1,2023-10-28T01:59:22.000Z,https://universalis.app/market/2278
2279,Cobalt Scutum,Lumine Yscence,16950,1,2023-10-28T02:40:26.000Z,https://universalis.app/market/2279
5094,Cobalt Rivets,Elhadrim Shepard,5979,7,2023-11-08T01:15:31.000Z,https://universalis.app/market/5094
2287,Eagle-crested Round Shield,L'nuray Liviana,20000,1,2023-10-23T03:06:33.000Z,https://universalis.app/market/2287
2289,Vintage Round Shield,Kaia Evenstar,745,1,2023-10-30T02:16:49.000Z,https://universalis.app/market/2289
5228,Ragstone,Khasar Orl,99,27,2023-11-11T04:05:54.000Z,https://universalis.app/market/5228
5517,Lanolin,Yuki Tomeru,950,1,2023-10-23T14:37:59.000Z,https://universalis.app/market/5517
2294,Kite Shield,Eley Lalafeley,9999,1,2023-10-19T00:34:41.000Z,https://universalis.app/market/2294
2296,Cobalt Bladed Lantern Shield,V' V',22000,1,2023-10-22T21:00:53.000Z,https://universalis.app/market/2296
2298,Oxblood Targe,Blast'a Masta,35000,1,2023-10-24T16:43:49.000Z,https://universalis.app/market/2298
2259,Scarred Kite Shield,X'rhiz Xx,2000,1,2023-10-24T16:47:42.000Z,https://universalis.app/market/2259
2302,Darksteel Scutum,Minxie Kha,7000,1,2023-10-29T06:33:50.000Z,https://universalis.app/market/2302
5060,Darksteel Ingot,Zara Lillith,11111,2,2023-10-26T00:59:50.000Z,https://universalis.app/market/5060
5095,Darksteel Rivets,Alice Quates,5000,99,2023-10-16T19:29:42.000Z,https://universalis.app/market/5095
2303,Darksteel Buckler,Nihilun Vale,2100,1,2023-11-02T01:33:53.000Z,https://universalis.app/market/2303
2304,Spruce Round Shield,Kaia Evenstar,2022,1,2023-10-30T02:16:17.000Z,https://universalis.app/market/2304
5379,Treated Spruce Lumber,Armantel Decastous,19979,3,2023-11-06T20:29:08.000Z,https://universalis.app/market/5379
2315,Bronze Saw,Sweet Sake,5000,1,2023-10-16T13:51:44.000Z,https://universalis.app/market/2315
2316,Amateur's Saw,Ryukuzo Wintersoul,5000,1,2023-11-08T01:57:25.000Z,https://universalis.app/market/2316
2317,Chocobotail Saw,Ryukuzo Wintersoul,2500,1,2023-11-08T02:17:33.000Z,https://universalis.app/market/2317
2318,Initiate's Saw,Bror E'alis,8999,1,2023-11-06T05:11:20.000Z,https://universalis.app/market/2318
2319,Bas-relief Iron Saw,Mikha Magala,5000,1,2023-11-03T05:49:49.000Z,https://universalis.app/market/2319
2320,Iron Chocobotail Saw,Chiull Malqir,7000,1,2023-11-08T10:28:46.000Z,https://universalis.app/market/2320
2321,Bas-relief Steel Saw,Mikha Magala,9999,1,2023-11-03T06:03:54.000Z,https://universalis.app/market/2321
2322,Crosscut Saw,D'usian M'dina,3900,1,2023-10-23T16:02:23.000Z,https://universalis.app/market/2322
2323,Mythril Saw,Cocoa Puffins,50000,1,2023-10-25T02:31:08.000Z,https://universalis.app/market/2323
2324,Mythril Chocobotail Saw,Marceline Yuri,5092,1,2023-10-16T06:26:51.000Z,https://universalis.app/market/2324
2325,Bas-relief Cobalt Saw,Alice Vibing,65000,1,2023-10-16T10:14:58.000Z,https://universalis.app/market/2325
2328,Amateur's Claw Hammer,Duo Maxwell,1900,1,2023-10-26T15:43:47.000Z,https://universalis.app/market/2328
2329,Bronze Claw Hammer,Ryukuzo Wintersoul,190,1,2023-11-08T01:57:27.000Z,https://universalis.app/market/2329
2331,Iron Claw Hammer,Princess Princess,2000,1,2023-10-31T15:47:51.000Z,https://universalis.app/market/2331
5483,Jellyfish Humours,Kien Thelann,500,1,2023-11-09T23:54:07.000Z,https://universalis.app/market/5483
2332,Initiate's Claw Hammer,Mikha Magala,3000,1,2023-11-03T05:49:40.000Z,https://universalis.app/market/2332
2334,Steel Claw Hammer,Beer Pup,10000,1,2023-11-06T20:29:10.000Z,https://universalis.app/market/2334
2335,Wrapped Steel Claw Hammer,Cocoa Puffins,30000,1,2023-10-25T02:30:56.000Z,https://universalis.app/market/2335
5485,Linseed Oil,Velvet Gusion,3500,1,2023-10-25T01:36:05.000Z,https://universalis.app/market/5485
2337,Mythril Claw Hammer,Marceline Yuri,83,1,2023-10-16T06:27:30.000Z,https://universalis.app/market/2337
2338,Cobalt Claw Hammer,Snugglypuff Puff,30000,1,2023-10-25T06:24:20.000Z,https://universalis.app/market/2338
2339,Militia Claw Hammer,Alice Vibing,50000,1,2023-10-16T10:15:04.000Z,https://universalis.app/market/2339
2341,Bronze Cross-pein Hammer,Ashitaka Moro,1250,1,2023-10-17T22:42:04.000Z,https://universalis.app/market/2341
2342,Amateur's Cross-pein Hammer,Mephisto Baelfire,3000,1,2023-10-27T01:26:54.000Z,https://universalis.app/market/2342
2343,Birdsbeak Hammer,Sophia Z'ee,1000,1,2023-11-03T19:52:10.000Z,https://universalis.app/market/2343
5325,Undyed Cotton Cloth,Alice Vibing,5000,8,2023-10-19T00:56:57.000Z,https://universalis.app/market/5325
2344,Iron Cross-pein Hammer,Caine Redgreave,20000,1,2023-10-16T06:32:33.000Z,https://universalis.app/market/2344
2345,Initiate's Cross-pein Hammer,Neko Femc,3000,1,2023-11-10T06:55:13.000Z,https://universalis.app/market/2345
2346,Crowsbeak Hammer,Questra Djt-nong,20995,1,2023-10-25T13:57:49.000Z,https://universalis.app/market/2346
2347,Heavy Crowsbeak Hammer,Yuki Ronso,400,1,2023-11-08T01:53:26.000Z,https://universalis.app/market/2347
2348,Steel Cross-pein Hammer,Deuce Al-rashia,9000,1,2023-11-03T19:11:35.000Z,https://universalis.app/market/2348
5326,Undyed Velveteen,Kazarien Zerick,5000,5,2023-10-31T04:00:44.000Z,https://universalis.app/market/5326
2349,Steel Crowsbeak Hammer,Noroli Jetno,27900,1,2023-11-04T21:38:42.000Z,https://universalis.app/market/2349
2350,Wrapped Crowsbeak Hammer,Alipheese Shiori,39998,1,2023-10-16T20:50:53.000Z,https://universalis.app/market/2350
2351,Cobalt Cross-pein Hammer,Cocoa Puffins,1000,1,2023-10-26T02:20:48.000Z,https://universalis.app/market/2351
2352,Wrapped Hawksbeak Hammer,Nimue Umiko,65000,1,2023-10-16T22:04:41.000Z,https://universalis.app/market/2352
2355,Amateur's File,Takemikazuchi Ak,2000,1,2023-11-03T21:55:59.000Z,https://universalis.app/market/2355
2356,Bronze File,Arcelia Fox,523,1,2023-10-17T23:55:14.000Z,https://universalis.app/market/2356
2358,Iron File,Ouka Ootori,7500,1,2023-10-20T15:52:31.000Z,https://universalis.app/market/2358
2359,Initiate's File,Estelle Bright,9599,1,2023-11-12T14:29:04.000Z,https://universalis.app/market/2359
2361,Steel File,Ume Chorrynth,15000,1,2023-10-16T00:50:53.000Z,https://universalis.app/market/2361
2363,Mythril File,Conc Blast,31750,1,2023-11-04T03:12:20.000Z,https://universalis.app/market/2363
2364,Cobalt File,Ume Chorrynth,40000,1,2023-10-24T23:34:00.000Z,https://universalis.app/market/2364
2365,Militia File,Cocoa Puffins,39000,1,2023-10-26T17:55:04.000Z,https://universalis.app/market/2365
2367,Bronze Doming Hammer,Fjor Brynja,1026,1,2023-10-19T13:07:05.000Z,https://universalis.app/market/2367
2368,Amateur's Doming Hammer,Ai Zgod,300,1,2023-10-28T20:40:56.000Z,https://universalis.app/market/2368
2369,Bronze Raising Hammer,Lobster Salad,480,1,2023-10-25T19:01:11.000Z,https://universalis.app/market/2369
2370,Iron Doming Hammer,Khit Kaht,1000,1,2023-11-03T14:54:13.000Z,https://universalis.app/market/2370
2371,Initiate's Doming Hammer,Sephia Blackseraph,4500,1,2023-11-04T22:22:02.000Z,https://universalis.app/market/2371
2372,Iron Raising Hammer,Tera Shell,18995,1,2023-10-28T23:41:43.000Z,https://universalis.app/market/2372
2373,Wrapped Iron Raising Hammer,Kirbly Durbly,601,1,2023-11-03T11:29:39.000Z,https://universalis.app/market/2373
2374,Steel Doming Hammer,Princess Princess,15000,1,2023-11-01T18:12:24.000Z,https://universalis.app/market/2374
2375,Steel Raising Hammer,Sam Dickey,25000,1,2023-10-17T04:57:23.000Z,https://universalis.app/market/2375
2376,Cobalt Doming Hammer,Orwen Maddock,1980,1,2023-10-18T06:38:08.000Z,https://universalis.app/market/2376
2377,Cobalt Raising Hammer,Ume Chorrynth,125000,1,2023-10-26T23:40:41.000Z,https://universalis.app/market/2377
2380,Amateur's Pliers,Ai Zgod,198,1,2023-10-28T20:40:08.000Z,https://universalis.app/market/2380
2381,Bronze Pliers,Ai Zgod,250,1,2023-10-28T20:40:30.000Z,https://universalis.app/market/2381
2383,Iron Pliers,Suki Song,20000,1,2023-11-07T08:43:09.000Z,https://universalis.app/market/2383
2384,Initiate's Pliers,Estelle Ceres,3800,1,2023-10-20T21:11:16.000Z,https://universalis.app/market/2384
2386,Steel Pliers,Questra Djt-nong,20000,1,2023-10-30T22:52:44.000Z,https://universalis.app/market/2386
2389,Cobalt Pliers,K'yallwa Zyrel,26000,1,2023-10-28T08:04:07.000Z,https://universalis.app/market/2389
2390,Militia Pliers,Alice Vibing,42999,1,2023-10-23T20:43:10.000Z,https://universalis.app/market/2390
2392,Bronze Chaser Hammer,Nezuko Urokodaki,5000,1,2023-10-30T23:14:38.000Z,https://universalis.app/market/2392
2394,Bronze Ornamental Hammer,Lobster Salad,500,1,2023-10-25T10:35:58.000Z,https://universalis.app/market/2394
2395,Iron Chaser Hammer,Sephia Blackseraph,5000,1,2023-10-31T02:53:56.000Z,https://universalis.app/market/2395
2396,Initiate's Chaser Hammer,Lemon Squeezie,19990,1,2023-10-26T02:26:35.000Z,https://universalis.app/market/2396
2398,Steel Chaser Hammer,Chiull Malqir,5000,1,2023-11-09T17:15:20.000Z,https://universalis.app/market/2398
2399,Steel Ornamental Hammer,Nox Luna,10000,1,2023-11-12T02:52:45.000Z,https://universalis.app/market/2399
2400,Mythril Ornamental Hammer,Nimue Umiko,70000,1,2023-10-16T22:05:38.000Z,https://universalis.app/market/2400
2401,Mythril Lapidary Hammer,Jaylean Hartford,10000,1,2023-11-06T06:21:34.000Z,https://universalis.app/market/2401
2402,Electrum Lapidary Hammer,Meyrin Hawk,125000,1,2023-10-26T03:18:29.000Z,https://universalis.app/market/2402
5183,Tourmaline,Drunk Fox,1010,2,2023-10-18T00:29:30.000Z,https://universalis.app/market/5183
2405,Amateur's Grinding Wheel,Ai Zgod,100,1,2023-10-28T20:43:02.000Z,https://universalis.app/market/2405
2406,Ragstone Grinding Wheel,Scootaloo Dash,3000,1,2023-10-27T00:39:49.000Z,https://universalis.app/market/2406
2408,Mudstone Grinding Wheel,Beer Pup,16000,1,2023-11-10T22:01:56.000Z,https://universalis.app/market/2408
5229,Mudstone,Aelric Gunnar,500,6,2023-11-05T11:57:59.000Z,https://universalis.app/market/5229
2409,Initiate's Grinding Wheel,Yuki Tomeru,5000,1,2023-10-16T09:43:03.000Z,https://universalis.app/market/2409
2411,Siltstone Grinding Wheel,Oberon Yllavaris,21700,1,2023-10-27T00:03:26.000Z,https://universalis.app/market/2411
5231,Siltstone,Nadia Altera,500,22,2023-10-31T16:19:12.000Z,https://universalis.app/market/5231
2413,Garnet Grinding Wheel,Questra Djt-nong,25000,1,2023-11-03T22:38:21.000Z,https://universalis.app/market/2413
5134,Raw Garnet,Torp Senpai,500,2,2023-11-06T22:47:19.000Z,https://universalis.app/market/5134
2414,Basilisk Grinding Wheel,Chaotic Potato,25000,1,2023-10-16T02:03:05.000Z,https://universalis.app/market/2414
5263,Basilisk Egg,Yui Kurokawa,1500,2,2023-10-27T19:00:17.000Z,https://universalis.app/market/5263
2415,Militia Grinding Wheel,Redd Scea,20118,1,2023-10-22T01:49:43.000Z,https://universalis.app/market/2415
5158,Astral Rock,Anastasia Bloodletter,5400,8,2023-11-05T04:45:51.000Z,https://universalis.app/market/5158
2417,Bronze Head Knife,A' Crow,3009,1,2023-10-29T00:56:53.000Z,https://universalis.app/market/2417
2418,Amateur's Head Knife,Tiugh Athair,9009,1,2023-11-01T02:46:14.000Z,https://universalis.app/market/2418
2419,Brass Head Knife,Cordelia Windrunner,1049,1,2023-10-20T20:07:47.000Z,https://universalis.app/market/2419
2420,Initiate's Head Knife,Sko'gar Ljon,13999,1,2023-10-24T20:05:07.000Z,https://universalis.app/market/2420
2421,Iron Round Knife,Kirbly Durbly,5000,1,2023-11-03T11:30:00.000Z,https://universalis.app/market/2421
2422,Iron Head Knife,Aytha Adarkhem,999,1,2023-10-16T15:10:57.000Z,https://universalis.app/market/2422
2423,Silver Head Knife,Dinah Mirtheart,10053,1,2023-11-06T21:59:16.000Z,https://universalis.app/market/2423
2424,Steel Round Knife,Neko Femc,875,1,2023-10-27T22:02:33.000Z,https://universalis.app/market/2424
2425,Mythril Head Knife,Nimue Umiko,65000,1,2023-10-16T22:55:29.000Z,https://universalis.app/market/2425
2426,Mythril Round Knife,Neko Femc,3083,1,2023-10-27T22:49:55.000Z,https://universalis.app/market/2426
2427,Electrum Head Knife,Neko Femc,69999,1,2023-11-07T06:55:27.000Z,https://universalis.app/market/2427
2430,Amateur's Awl,Ai Zgod,350,1,2023-10-28T20:49:29.000Z,https://universalis.app/market/2430
2431,Bronze Awl,Sylvia Cooper,4750,1,2023-11-02T22:07:08.000Z,https://universalis.app/market/2431
2433,Iron Awl,Sigbeqboibe Bhudi,5000,1,2023-10-30T22:58:53.000Z,https://universalis.app/market/2433
2434,Initiate's Awl,Erika Underhill,10000,1,2023-10-30T02:10:46.000Z,https://universalis.app/market/2434
2437,Wrapped Steel Awl,Darc Stormbringer,55000,1,2023-10-20T07:48:55.000Z,https://universalis.app/market/2437
2440,Cobalt Awl,Greenpea Soup,30000,1,2023-10-22T17:52:42.000Z,https://universalis.app/market/2440
2441,Militia Awl,Maeve Dawn,75000,1,2023-10-27T14:31:51.000Z,https://universalis.app/market/2441
2443,Copper Needle,Storm Zayn,5000,1,2023-10-31T11:11:09.000Z,https://universalis.app/market/2443
2444,Bat Fang Needle,Arc Lykos,800,1,2023-11-02T16:33:34.000Z,https://universalis.app/market/2444
2445,Amateur's Needle,Catnip Lacroix,2500,1,2023-11-07T01:51:40.000Z,https://universalis.app/market/2445
2446,Brass Needle,Ruxion Novachrono,1500,1,2023-10-16T07:20:24.000Z,https://universalis.app/market/2446
2448,Silver Needle,Arus Soleia,2888,1,2023-11-12T02:13:07.000Z,https://universalis.app/market/2448
2449,Worm Fang Needle,Sam Dickey,39995,1,2023-10-16T19:20:46.000Z,https://universalis.app/market/2449
5447,Sandworm Fang,Fox Warbird,500,1,2023-11-08T11:38:04.000Z,https://universalis.app/market/5447
2450,Mythril Needle,Beer Pup,30000,1,2023-10-25T05:04:02.000Z,https://universalis.app/market/2450
2451,Wolf Fang Needle,Princess Princess,20050,1,2023-11-01T18:20:50.000Z,https://universalis.app/market/2451
2452,Thousand Needle,Ume Chorrynth,20000,1,2023-10-24T23:34:34.000Z,https://universalis.app/market/2452
5468,Cactuar Needle,N'ari Faye,6000,3,2023-10-29T14:23:35.000Z,https://universalis.app/market/5468
2453,Electrum Needle,Klain Snjor,1500,1,2023-10-28T21:09:07.000Z,https://universalis.app/market/2453
2456,Amateur's Spinning Wheel,Mikha Magala,2300,1,2023-11-01T03:46:48.000Z,https://universalis.app/market/2456
2457,Ash Spinning Wheel,Abigail Frazier,1009,1,2023-10-29T14:43:28.000Z,https://universalis.app/market/2457
2459,Initiate's Spinning Wheel,Biggest Lalafell,8000,1,2023-10-22T15:59:01.000Z,https://universalis.app/market/2459
2460,Elm Spinning Wheel,Sam Dickey,10000,1,2023-10-16T16:26:26.000Z,https://universalis.app/market/2460
2462,Walnut Spinning Wheel,Sam Dickey,21600,1,2023-10-16T19:20:52.000Z,https://universalis.app/market/2462
2464,Mahogany Spinning Wheel,Aro Godo,20050,1,2023-10-17T01:29:26.000Z,https://universalis.app/market/2464
2465,Rosewood Spinning Wheel,Luna Moonshine,35000,1,2023-10-18T03:12:25.000Z,https://universalis.app/market/2465
2466,Militia Spinning Wheel,Klain Snjor,44999,1,2023-10-28T21:09:29.000Z,https://universalis.app/market/2466
2468,Bronze Alembic,Azrael Starblaze,125000,1,2023-10-30T23:52:18.000Z,https://universalis.app/market/2468
2469,Amateur's Alembic,Potato Plato,10000,1,2023-10-27T04:19:27.000Z,https://universalis.app/market/2469
2470,Brass Alembic,Enigma Obscura,40000,1,2023-10-21T21:06:57.000Z,https://universalis.app/market/2470
2471,Initiate's Alembic,Kirbly Durbly,11118,1,2023-11-05T09:33:58.000Z,https://universalis.app/market/2471
2472,Iron Alembic,Akuma Mir,11126,1,2023-10-20T17:45:16.000Z,https://universalis.app/market/2472
2473,Conical Alembic,Riu Himuro,29000,1,2023-10-29T10:11:33.000Z,https://universalis.app/market/2473
2474,Steel Alembic,Akuma Mir,11153,1,2023-10-20T22:31:19.000Z,https://universalis.app/market/2474
2475,Silver Alembic,Night Rains,10000,1,2023-10-25T06:36:56.000Z,https://universalis.app/market/2475
2476,Mythril Alembic,Sam Dickey,10000,1,2023-10-18T19:18:07.000Z,https://universalis.app/market/2476
2477,Electrum Alembic,Anida Lemon,1000,1,2023-11-03T03:57:37.000Z,https://universalis.app/market/2477
2478,Thermal Alembic,Emperor Lee,16969,1,2023-10-26T23:26:21.000Z,https://universalis.app/market/2478
2481,Amateur's Mortar,Sorrelia Blanchet,3000,1,2023-11-05T13:05:20.000Z,https://universalis.app/market/2481
2482,Bronze Mortar,Zephyr Ridel,950,1,2023-10-30T21:28:43.000Z,https://universalis.app/market/2482
2484,Iron Mortar,Mephisto Baelfire,20000,1,2023-10-30T16:52:24.000Z,https://universalis.app/market/2484
2485,Initiate's Mortar,Erika Underhill,5000,1,2023-10-29T22:44:26.000Z,https://universalis.app/market/2485
2487,Steel Mortar,Azrael Starblaze,15000,1,2023-11-11T00:29:31.000Z,https://universalis.app/market/2487
2491,Cobalt Mortar,Lycoris Libidine,20000,1,2023-10-16T01:31:40.000Z,https://universalis.app/market/2491
2494,Bronze Skillet,Fjor Brynja,10000,1,2023-10-19T13:08:29.000Z,https://universalis.app/market/2494
2495,Amateur's Skillet,Moighty Fine,5000,1,2023-10-22T02:59:36.000Z,https://universalis.app/market/2495
2496,Iron Skillet,Kamui Gakuto,3010,1,2023-11-04T05:09:54.000Z,https://universalis.app/market/2496
2497,Initiate's Skillet,Sylvia Cooper,11128,1,2023-11-02T22:02:16.000Z,https://universalis.app/market/2497
2498,Iron Frypan,Kaplan Cadmus,21126,1,2023-10-22T00:05:55.000Z,https://universalis.app/market/2498
2499,Bomb Frypan,Alex Starfall,2399,1,2023-10-25T20:12:03.000Z,https://universalis.app/market/2499
5528,Bomb Ash,Lemon Squeezie,900,2,2023-11-04T00:41:25.000Z,https://universalis.app/market/5528
2500,Steel Skillet,Apollymi Katistrafi,22000,1,2023-10-25T00:52:04.000Z,https://universalis.app/market/2500
2501,White Skillet,Moighty Fine,199,1,2023-10-18T01:03:56.000Z,https://universalis.app/market/2501
2502,Steel Frypan,Dorys Lanquairt,39999,1,2023-10-23T16:07:36.000Z,https://universalis.app/market/2502
2503,Cobalt Skillet,Luvaria Corello,20000,1,2023-10-23T05:15:46.000Z,https://universalis.app/market/2503
2504,Hells' Kitchen,Night Rains,26000,1,2023-11-01T06:36:44.000Z,https://universalis.app/market/2504
2507,Amateur's Culinary Knife,Sky Ice,900,1,2023-11-07T22:15:26.000Z,https://universalis.app/market/2507
2508,Bronze Culinary Knife,Asta Wolf,3009,1,2023-11-01T21:32:03.000Z,https://universalis.app/market/2508
2510,Iron Culinary Knife,Kamui Gakuto,3000,1,2023-11-04T05:09:59.000Z,https://universalis.app/market/2510
2511,Initiate's Culinary Knife,Jake'from Statefarm,4990,1,2023-10-17T16:53:23.000Z,https://universalis.app/market/2511
2514,Wrapped Steel Culinary Knife,Pudding Wtf,20000,1,2023-10-17T21:54:39.000Z,https://universalis.app/market/2514
2516,Mythril Culinary Knife,Mr Mattattack,75000,1,2023-10-16T07:12:20.000Z,https://universalis.app/market/2516
2517,Cobalt Culinary Knife,Adoncia Hueras,11495,1,2023-11-11T00:06:39.000Z,https://universalis.app/market/2517
2520,Bronze Pickaxe,Bethov Thy,10000,1,2023-11-06T00:59:37.000Z,https://universalis.app/market/2520
2521,Amateur's Pickaxe,Ovan Shimiya,5000,1,2023-11-02T14:24:32.000Z,https://universalis.app/market/2521
2522,Plumed Bronze Pickaxe,Mykhala Whiteflame,8500,1,2023-10-29T23:42:22.000Z,https://universalis.app/market/2522
2523,Iron Pickaxe,Ouka Ootori,19979,1,2023-10-19T14:52:42.000Z,https://universalis.app/market/2523
2524,Initiate's Pickaxe,Anastasia Romanov,20000,1,2023-10-16T00:55:54.000Z,https://universalis.app/market/2524
2525,Iron Dolabra,Critical Subtlety,120000,1,2023-10-30T04:27:47.000Z,https://universalis.app/market/2525
2526,Steel Pickaxe,Kitsuna Starlight,10000,1,2023-10-17T22:25:27.000Z,https://universalis.app/market/2526
2527,Steel Dolabra,Conc Blast,15000,1,2023-11-04T03:12:36.000Z,https://universalis.app/market/2527
2528,Plumed Mythril Pickaxe,Kaplan Cadmus,55000,1,2023-10-22T21:25:36.000Z,https://universalis.app/market/2528
5327,Undyed Linen,Slarti Bartfast,1200,5,2023-11-03T13:06:12.000Z,https://universalis.app/market/5327
2529,Cobalt Dolabra,Freya Kitty,63000,1,2023-10-27T17:11:50.000Z,https://universalis.app/market/2529
2530,Egret Dolabra,Nimue Umiko,64740,1,2023-10-19T17:02:15.000Z,https://universalis.app/market/2530
2534,Bronze Sledgehammer,Masha Tayuun,15000,1,2023-11-08T03:59:09.000Z,https://universalis.app/market/2534
2536,Initiate's Sledgehammer,Jophfy Ishiku,19979,1,2023-10-18T23:26:41.000Z,https://universalis.app/market/2536
2537,Iron Sledgehammer,Niasa Aiyako,99999,1,2023-11-04T22:39:20.000Z,https://universalis.app/market/2537
2539,Steel Sledgehammer,Athena Misty,20000,1,2023-11-08T02:27:46.000Z,https://universalis.app/market/2539
2540,Wrapped Steel Sledgehammer,Yennefer Lafeye,16000,1,2023-10-18T21:58:53.000Z,https://universalis.app/market/2540
2542,Mythril Sledgehammer,Kaplan Cadmus,30000,1,2023-10-22T08:40:51.000Z,https://universalis.app/market/2542
2543,Cobalt Sledgehammer,Yennefer Lafeye,35000,1,2023-10-27T22:56:16.000Z,https://universalis.app/market/2543
2544,Militia Sledgehammer,Snooze Time,49990,1,2023-11-06T22:29:31.000Z,https://universalis.app/market/2544
2546,Bronze Hatchet,Duo Maxwell,15000,1,2023-10-21T08:55:34.000Z,https://universalis.app/market/2546
2547,Amateur's Hatchet,Yulia Solay,10500,1,2023-10-19T19:27:16.000Z,https://universalis.app/market/2547
2548,Iron Hatchet,Adia Amaya,19749,1,2023-11-12T23:08:31.000Z,https://universalis.app/market/2548
2549,Initiate's Hatchet,Gwen Wilfwyn,11000,1,2023-10-22T19:46:29.000Z,https://universalis.app/market/2549
2550,Brass Hatchet,Ava Ashley,15000,1,2023-10-16T03:37:27.000Z,https://universalis.app/market/2550
2551,Plumed Iron Hatchet,Samuel Poe,30000,1,2023-10-25T06:58:01.000Z,https://universalis.app/market/2551
5359,Chocobo Feather,Sophia Z'ee,5000,10,2023-10-26T21:14:15.000Z,https://universalis.app/market/5359
2552,Steel Hatchet,Ahara Star,16000,1,2023-10-19T00:54:03.000Z,https://universalis.app/market/2552
2553,Plumed Steel Hatchet,Raynee Day,4999,1,2023-10-20T18:52:54.000Z,https://universalis.app/market/2553
2554,Mythril Hatchet,Ahara Star,19899,1,2023-10-20T21:08:35.000Z,https://universalis.app/market/2554
2555,Cobalt Hatchet,Oberon Yllavaris,50000,1,2023-11-05T02:17:18.000Z,https://universalis.app/market/2555
2556,Horned Hatchet,Jijima Jima,125000,1,2023-10-21T19:03:49.000Z,https://universalis.app/market/2556
2560,Bronze Scythe,Rose Liera,15000,1,2023-11-02T00:48:44.000Z,https://universalis.app/market/2560
2562,Iron Scythe,Yulia Solay,11000,1,2023-10-22T21:32:34.000Z,https://universalis.app/market/2562
2563,Initiate's Scythe,Kirbly Durbly,6315,1,2023-10-30T05:47:24.000Z,https://universalis.app/market/2563
2565,Steel Scythe,Sindri Vanja,16000,1,2023-10-25T05:03:41.000Z,https://universalis.app/market/2565
2568,Mythril Scythe,Ryukuzo Wintersoul,32000,1,2023-10-19T13:21:12.000Z,https://universalis.app/market/2568
2569,Cobalt Scythe,Caroline Varlineau,15000,1,2023-10-23T17:53:48.000Z,https://universalis.app/market/2569
2570,Militia Scythe,Climhazzard Fury,50000,1,2023-10-16T11:03:50.000Z,https://universalis.app/market/2570
2572,Maple Fishing Rod,Anghara Indigo,7000,1,2023-10-21T21:35:36.000Z,https://universalis.app/market/2572
2573,Amateur's Fishing Rod,Gjalfir Camoa,5000,1,2023-11-09T18:16:20.000Z,https://universalis.app/market/2573
2574,Elm Fishing Rod,Alluka Xx,10013,1,2023-11-06T15:23:05.000Z,https://universalis.app/market/2574
2575,Initiate's Fishing Rod,Mephisto Baelfire,10000,1,2023-10-29T02:04:52.000Z,https://universalis.app/market/2575
2576,Yew Fishing Rod,Beth Sidoney,5000,1,2023-10-16T03:52:46.000Z,https://universalis.app/market/2576
2577,Staghorn Fishing Rod,Hephaestus Forge-god,5000,1,2023-10-21T15:36:00.000Z,https://universalis.app/market/2577
2578,Walnut Fishing Rod,Dino Punch-kick,30068,1,2023-10-21T21:24:03.000Z,https://universalis.app/market/2578
2579,Horn Fishing Rod,Sole Vesper,8000,1,2023-10-30T21:24:20.000Z,https://universalis.app/market/2579
2580,Mahogany Fishing Rod,Caine Redgreave,29050,1,2023-11-09T21:13:19.000Z,https://universalis.app/market/2580
2581,Rosewood Fishing Rod,Lavenza Develvet,20000,1,2023-10-20T01:39:01.000Z,https://universalis.app/market/2581
2582,Gilded Rosewood Fishing Rod,Matsu Merry,70000,1,2023-10-19T04:06:23.000Z,https://universalis.app/market/2582
2588,Crayfish Ball,Peko Pompurin,199,10,2023-10-31T12:18:28.000Z,https://universalis.app/market/2588
4825,Rye Flour,Roselyn Iris,1000,19,2023-10-25T03:18:38.000Z,https://universalis.app/market/4825
4925,Crayfish,Azrael Starblaze,1999,2,2023-10-31T01:41:32.000Z,https://universalis.app/market/4925
2589,Goby Ball,Dino Punch-kick,1000,20,2023-10-23T00:35:48.000Z,https://universalis.app/market/2589
4931,Dusk Goby,Alice Song,199,2,2023-11-09T03:52:22.000Z,https://universalis.app/market/4931
2593,Crab Ball,Yugi Momo,30,99,2023-10-19T08:10:00.000Z,https://universalis.app/market/2593
4880,Helmet Crab,Aya Loha,999,3,2023-10-29T18:42:30.000Z,https://universalis.app/market/4880
2595,Bass Ball,Courtney Alexandraaa,50,88,2023-11-11T03:37:38.000Z,https://universalis.app/market/2595
4826,Sunset Wheat Flour,Trystan Payne,1000,6,2023-11-01T07:07:49.000Z,https://universalis.app/market/4826
4959,Dark Bass,Th'reftis Hyalenos,3995,3,2023-10-22T02:33:06.000Z,https://universalis.app/market/4959
2598,Herring Ball,Courtney Alexandraaa,101,99,2023-11-04T20:17:17.000Z,https://universalis.app/market/2598
4895,Indigo Herring,Sasuga Suga,1000,4,2023-10-16T18:53:04.000Z,https://universalis.app/market/4895
2610,Chocobo Fly,Fynn Aodha,405,12,2023-11-07T05:41:49.000Z,https://universalis.app/market/2610
2611,Floating Minnow,Kalcifer Morningstar,903,15,2023-10-20T20:23:12.000Z,https://universalis.app/market/2611
2612,Brass Spoon Lure,Vee Azrail,29,3,2023-11-05T15:19:51.000Z,https://universalis.app/market/2612
2614,Crow Fly,Maya Alimont,3200,10,2023-11-05T06:22:07.000Z,https://universalis.app/market/2614
2615,Silver Spoon Lure,Miki Chinen,100,3,2023-10-20T01:55:35.000Z,https://universalis.app/market/2615
2616,Steel Jig,Hazalos Prime,700,4,2023-11-05T04:54:41.000Z,https://universalis.app/market/2616
2617,Sinking Minnow,Shunden Hayabusa,3200,1,2023-10-25T17:24:09.000Z,https://universalis.app/market/2617
2618,Snurble Fly,Kevin Bloodmoon,3000,18,2023-10-22T17:56:07.000Z,https://universalis.app/market/2618
5349,Snurble Tufts,Petra Niteo,3000,2,2023-11-01T04:38:41.000Z,https://universalis.app/market/5349
2619,Heavy Steel Jig,Ozozma Ozma,3995,5,2023-11-10T07:25:59.000Z,https://universalis.app/market/2619
2620,Spinner,Uzair Syed,6000,1,2023-11-03T03:39:23.000Z,https://universalis.app/market/2620
4900,Whitelip Oyster,Loki Von-everec,1999,9,2023-10-17T13:48:43.000Z,https://universalis.app/market/4900
2622,Mythril Spoon Lure,Zarra Song,400,5,2023-11-03T01:06:10.000Z,https://universalis.app/market/2622
2623,Wildfowl Fly,Maya Alimont,1000,10,2023-11-05T06:22:28.000Z,https://universalis.app/market/2623
2624,Topwater Frog,Reiko Bacon,3500,5,2023-10-16T15:22:18.000Z,https://universalis.app/market/2624
2625,Rainbow Spoon Lure,Solid Chan,5000,5,2023-10-26T02:05:44.000Z,https://universalis.app/market/2625
5466,Blacklip Oyster,Mimi Ni'zou,25000,1,2023-11-05T22:31:22.000Z,https://universalis.app/market/5466
2626,Spinnerbait,Clarion Aster,8269,1,2023-10-28T04:39:16.000Z,https://universalis.app/market/2626
5329,Undyed Felt,C'freyrh Tia,6000,1,2023-10-16T02:07:30.000Z,https://universalis.app/market/5329
2627,Streamer,N'ari Faye,5000,1,2023-11-06T20:13:08.000Z,https://universalis.app/market/2627
2628,Yumizuno,Kitsune Kurogane,10000,5,2023-11-05T02:50:18.000Z,https://universalis.app/market/2628
2629,Hempen Coif,Qoni Teni,7000,1,2023-11-03T15:50:11.000Z,https://universalis.app/market/2629
2630,Hempen Coif of Gathering,Envoy Amamiya,5000,1,2023-10-27T05:14:09.000Z,https://universalis.app/market/2630
2631,Leather Calot,Critical Subtlety,34998,1,2023-10-17T07:57:43.000Z,https://universalis.app/market/2631
2650,Company Hat,Quasimoto Foo,999997,1,2023-10-29T06:29:07.000Z,https://universalis.app/market/2650
12590,Ramie Cloth,Aurora Destile,7500,1,2023-10-27T16:57:02.000Z,https://universalis.app/market/12590
12595,Ramie Thread,Raven Lionheart,4000,1,2023-10-22T17:15:03.000Z,https://universalis.app/market/12595
2652,Hempen Bandana,Skippy Basilia,42666666,1,2023-10-29T05:09:47.000Z,https://universalis.app/market/2652
2653,Leather Eyepatch,Totty Mcfly,127500000,1,2023-10-18T21:01:38.000Z,https://universalis.app/market/2653
2654,Hard Leather Pot Helm,Khaja Mol,4000,1,2023-11-03T01:23:31.000Z,https://universalis.app/market/2654
2655,Hempen Hat,Cidon Hudon,13002,1,2023-10-20T07:40:41.000Z,https://universalis.app/market/2655
2656,Bronze Chain Coif,Regina Domina,500,1,2023-10-17T01:52:29.000Z,https://universalis.app/market/2656
5081,Bronze Rings,Alice Vibing,799,99,2023-10-18T23:15:55.000Z,https://universalis.app/market/5081
2658,Straw Hat,Vani Foxtrot,5000,1,2023-11-04T17:59:49.000Z,https://universalis.app/market/2658
5342,Straw,Ethreal Amastacia,400,2,2023-10-19T16:10:18.000Z,https://universalis.app/market/5342
2660,Amateur's Headgear,Potato Plato,2499,1,2023-10-22T00:48:08.000Z,https://universalis.app/market/2660
2661,Amateur's Hempen Coif,Renfrew Nocaire,8999,1,2023-10-27T03:17:22.000Z,https://universalis.app/market/2661
2662,Bronze Sallet,Beer Pup,5000,1,2023-11-02T20:42:49.000Z,https://universalis.app/market/2662
2663,Stablemaid's Hat,Red Ryu,5000,1,2023-10-22T02:45:49.000Z,https://universalis.app/market/2663
5540,Carnation,Riven Zatoshi,3001,9,2023-10-28T01:37:53.000Z,https://universalis.app/market/5540
2664,Bronze Barbut,Lucifer Akenomyosei,5000,1,2023-10-19T01:27:01.000Z,https://universalis.app/market/2664
2665,Cotton Turban,Beer Pup,4499,1,2023-10-25T02:15:37.000Z,https://universalis.app/market/2665
2666,Stablehand's Hat,Estelle Bright,10111,1,2023-10-25T12:53:49.000Z,https://universalis.app/market/2666
2668,Brass Spectacles,Handyspork O'houlihan,14988,1,2023-10-16T03:23:37.000Z,https://universalis.app/market/2668
5512,Clear Glass Lens,Surly Panther,1000,3,2023-11-06T06:13:14.000Z,https://universalis.app/market/5512
2669,Hard Leather Eyepatch,Reina Cantlin,1010,1,2023-10-23T21:30:26.000Z,https://universalis.app/market/2669
2670,Cotton Scarf,Esme Maeve,30000000,1,2023-10-19T04:10:52.000Z,https://universalis.app/market/2670
2672,Hard Leather Skullcap,Naoh'li Awandah,99000,1,2023-10-31T05:52:18.000Z,https://universalis.app/market/2672
2673,Bronze Celata,Biggest Lalafell,2000,1,2023-10-22T15:59:27.000Z,https://universalis.app/market/2673
2675,Ash Mask,Annette Hitachine,10000,1,2023-10-17T19:25:52.000Z,https://universalis.app/market/2675
2677,Hunting Hat,Ifritson Firedude,842,1,2023-10-20T16:12:43.000Z,https://universalis.app/market/2677
2680,Decorated Bronze Barbut,Ume Chorrynth,7000,1,2023-10-16T23:02:52.000Z,https://universalis.app/market/2680
2685,Brass Circlet (Sunstone),Questra Djt-nong,10000,1,2023-10-21T22:57:49.000Z,https://universalis.app/market/2685
5169,Sunstone,Robyn Banks,500,1,2023-10-30T01:03:57.000Z,https://universalis.app/market/5169
2687,Brass Circlet (Danburite),Jijima Jima,1000,1,2023-10-19T20:36:40.000Z,https://universalis.app/market/2687
5170,Danburite,Chris Sharkbait,100,27,2023-10-20T09:24:14.000Z,https://universalis.app/market/5170
2689,Brass Circlet (Malachite),Nell Higgins,1000,1,2023-10-22T17:14:13.000Z,https://universalis.app/market/2689
5171,Malachite,Aizileona Gethmara,400,1,2023-11-12T02:42:27.000Z,https://universalis.app/market/5171
2691,Brass Circlet (Sphene),Freya Pendragon,500,1,2023-10-19T20:13:20.000Z,https://universalis.app/market/2691
5172,Sphene,Aoie Ta'dawen,250,5,2023-11-01T22:37:08.000Z,https://universalis.app/market/5172
2693,Brass Circlet (Fluorite),Vani Foxtrot,490,1,2023-10-21T01:36:33.000Z,https://universalis.app/market/2693
5173,Fluorite,Boezo Braden,80,29,2023-11-07T04:12:41.000Z,https://universalis.app/market/5173
2695,Brass Circlet (Lapis Lazuli),Azra Sunna,2500,1,2023-10-24T18:12:44.000Z,https://universalis.app/market/2695
5174,Lapis Lazuli,Ryukuzo Wintersoul,497,37,2023-11-08T03:50:27.000Z,https://universalis.app/market/5174
2697,Goatskin Pot Helm,Hinata Ohime,8000,1,2023-11-01T17:31:32.000Z,https://universalis.app/market/2697
2699,Cotton Coif,Nezuko Urokodaki,9999,1,2023-11-08T01:52:02.000Z,https://universalis.app/market/2699
2700,Cotton Coif of Gathering,Tactful Cactus,8000,1,2023-10-17T00:24:49.000Z,https://universalis.app/market/2700
2703,Ash Mask (Lapis Lazuli),U'zangho Rhea,500000,1,2023-10-28T02:19:21.000Z,https://universalis.app/market/2703
2708,Iron Sallet,Jeanna Starfoot,17500,1,2023-10-26T17:02:53.000Z,https://universalis.app/market/2708
2710,Goatskin Eyepatch,Pvt Glarb,20000,1,2023-10-22T00:40:55.000Z,https://universalis.app/market/2710
2712,Iron Celata,Kirbly Durbly,15000,1,2023-10-26T05:35:05.000Z,https://universalis.app/market/2712
5082,Iron Rings,Hyunjin Sharkbait,300,1,2023-10-27T09:36:50.000Z,https://universalis.app/market/5082
2714,Initiate's Headgear,Mikha Magala,49999,1,2023-11-08T20:09:01.000Z,https://universalis.app/market/2714
2719,Cotton Sugarloaf Hat,Venger Spinebreaker,17000000,1,2023-10-22T07:41:28.000Z,https://universalis.app/market/2719
2723,Iron Elmo,Tera Shell,10000,1,2023-10-25T23:43:17.000Z,https://universalis.app/market/2723
2725,Reinforced Iron Sallet,Artanaro Anirniq,9999,1,2023-10-29T02:33:47.000Z,https://universalis.app/market/2725
2727,Velveteen Bandana,Nymuru Vee,15000,1,2023-11-09T00:37:51.000Z,https://universalis.app/market/2727
2728,Silver Spectacles,Miso Moonbourne,49999,1,2023-10-16T11:18:42.000Z,https://universalis.app/market/2728
2729,Velveteen Turban,Tomoee Gozen,10000,1,2023-10-23T04:26:05.000Z,https://universalis.app/market/2729
2731,Silver Magnifiers,Masha Zolsesi,30000,1,2023-10-27T02:58:27.000Z,https://universalis.app/market/2731
2733,Velveteen Wedge Cap of Crafting,Trystan Payne,6000,1,2023-11-01T02:37:44.000Z,https://universalis.app/market/2733
2734,Velveteen Wedge Cap of Gathering,Catdad Havard,9500,1,2023-10-17T12:14:30.000Z,https://universalis.app/market/2734
2735,Silver Circlet (Garnet),Korea Mathilda,20000,1,2023-10-16T23:02:55.000Z,https://universalis.app/market/2735
5175,Garnet,Chris Sharkbait,500,6,2023-10-20T10:15:10.000Z,https://universalis.app/market/5175
2737,Silver Circlet (Goshenite),Hanabi Kato,39999,1,2023-10-18T09:28:43.000Z,https://universalis.app/market/2737
5176,Goshenite,Chris Sharkbait,18,2,2023-11-11T01:40:06.000Z,https://universalis.app/market/5176
2739,Silver Circlet (Peridot),Issu Alloces,13000,1,2023-11-05T14:15:45.000Z,https://universalis.app/market/2739
5177,Peridot,Strider Strix,1899,2,2023-11-03T01:34:51.000Z,https://universalis.app/market/5177
2741,Silver Circlet (Heliodor),Gisthar Va'nen,11000,1,2023-10-17T23:31:32.000Z,https://universalis.app/market/2741
5178,Heliodor,Ms Eldari,2000,1,2023-10-16T09:52:25.000Z,https://universalis.app/market/5178
2743,Silver Circlet (Amethyst),Kassandra Kobayashi,5000,1,2023-10-18T04:55:47.000Z,https://universalis.app/market/2743
5179,Amethyst,Petra Iscarriot,211,11,2023-10-21T00:43:46.000Z,https://universalis.app/market/5179
2745,Silver Circlet (Aquamarine),Questra Djt-nong,30000,1,2023-10-27T20:53:36.000Z,https://universalis.app/market/2745
5180,Aquamarine,Dietrich Ostendorff,500,99,2023-10-17T11:56:18.000Z,https://universalis.app/market/5180
2750,Velveteen Beret,Sam Dickey,20000,1,2023-10-16T19:21:16.000Z,https://universalis.app/market/2750
5343,Cotton Boll,Kittykat Steve,1001,20,2023-10-20T00:41:46.000Z,https://universalis.app/market/5343
5355,Dodo Feather,Yuko Asai,150,2,2023-10-28T03:21:33.000Z,https://universalis.app/market/5355
2753,Steel Sallet,Ultra Violent,39999,1,2023-10-17T03:35:05.000Z,https://universalis.app/market/2753
2755,Steel Celata,Gaius'van Baelsar,30000,1,2023-10-30T17:00:26.000Z,https://universalis.app/market/2755
2757,Vintage Celata,Yoko Frost,21052,1,2023-10-29T22:21:52.000Z,https://universalis.app/market/2757
2758,Steel Goggles,Yazii Li,30000,1,2023-10-25T00:08:12.000Z,https://universalis.app/market/2758
2763,Velveteen Sugarloaf Hat,Momonne Saucier,14999,1,2023-10-22T17:12:34.000Z,https://universalis.app/market/2763
2765,Steel Elmo,Golfinwe Frostbane,1000,1,2023-10-27T18:39:11.000Z,https://universalis.app/market/2765
2767,Skull Eyepatch,Ume Chorrynth,200000,1,2023-10-20T00:19:38.000Z,https://universalis.app/market/2767
2769,Mythril Magnifiers,Hayato Kyousen,9000,1,2023-10-30T21:39:11.000Z,https://universalis.app/market/2769
2774,Mythril Spectacles,Autex Taucet,33000,1,2023-10-16T18:32:49.000Z,https://universalis.app/market/2774
2776,Linen Turban,Illidari Nightfall,19000,1,2023-11-05T01:50:27.000Z,https://universalis.app/market/2776
2778,Angler's Hat,Ka'sween Hod,20000,1,2023-10-19T23:33:50.000Z,https://universalis.app/market/2778
2779,Linen Hat,Solaria Rising,30000,1,2023-11-02T22:00:39.000Z,https://universalis.app/market/2779
2785,Vintage Chef's Hat,Raeli Wynknight,24999,1,2023-10-23T04:57:51.000Z,https://universalis.app/market/2785
2786,Steel Barbut,Arcosia Valorian,10000,1,2023-10-29T02:23:54.000Z,https://universalis.app/market/2786
2788,Boarskin Pot Helm,Bree Macintosh,10000,1,2023-10-18T02:40:25.000Z,https://universalis.app/market/2788
2790,Mythril Circlet (Rubellite),Eve Crescent,20000,1,2023-10-22T20:01:11.000Z,https://universalis.app/market/2790
5181,Rubellite,Thistle Odeng,500,5,2023-11-06T04:40:03.000Z,https://universalis.app/market/5181
2792,Mythril Circlet (Zircon),Yasuo Battlepass,5000,1,2023-11-03T00:10:33.000Z,https://universalis.app/market/2792
5182,Zircon,Yoda Kisaragi,1000,3,2023-10-20T21:11:15.000Z,https://universalis.app/market/5182
2794,Mythril Circlet (Tourmaline),S'rau Vorai,18500,1,2023-10-24T06:10:35.000Z,https://universalis.app/market/2794
2796,Mythril Circlet (Amber),Jaylean Hartford,10000,1,2023-10-30T03:43:48.000Z,https://universalis.app/market/2796
5184,Amber,Rui Lin,500,20,2023-10-17T16:52:38.000Z,https://universalis.app/market/5184
2798,Mythril Circlet (Spinel),Kassandra Kobayashi,19500,1,2023-10-22T11:12:51.000Z,https://universalis.app/market/2798
5185,Spinel,Majin To,899,1,2023-11-11T03:31:39.000Z,https://universalis.app/market/5185
5186,Turquoise,Luna Vanloth,250,5,2023-10-21T00:41:46.000Z,https://universalis.app/market/5186
2802,Mythril Elmo,Callisto Pendragon,21000,1,2023-10-22T00:29:49.000Z,https://universalis.app/market/2802
2804,Linen Wedge Cap of Crafting,Feliski Spaghettini,200000,1,2023-10-18T22:05:36.000Z,https://universalis.app/market/2804
2805,Linen Wedge Cap of Gathering,T'daevi Tia,8500,1,2023-10-20T17:45:14.000Z,https://universalis.app/market/2805
2806,Woolen Coif,Azathiel Claywork,19000,1,2023-11-05T01:01:40.000Z,https://universalis.app/market/2806
5328,Undyed Woolen Cloth,Ziforia Willosprig,10000,1,2023-10-31T02:15:47.000Z,https://universalis.app/market/5328
2808,Woolen Coif of Gathering,Ominous Pancake,25000,1,2023-11-07T08:32:58.000Z,https://universalis.app/market/2808
2810,Woolen Turban,Namuri Housho,20000,1,2023-11-04T13:54:17.000Z,https://universalis.app/market/2810
2812,Mythril Celata,User Input,40000,1,2023-11-08T00:01:54.000Z,https://universalis.app/market/2812
5089,Mythril Rings,Remi Malqir,2000,1,2023-11-01T18:06:21.000Z,https://universalis.app/market/5089
2814,Woolen Hat,Gelther Ashdale,30000,1,2023-11-04T21:06:58.000Z,https://universalis.app/market/2814
2816,Linen Deerstalker,Pudding Wtf,30000,1,2023-10-17T21:51:58.000Z,https://universalis.app/market/2816
2817,Mythril Barbut,Spieler Prayer,19999,1,2023-10-25T07:43:36.000Z,https://universalis.app/market/2817
2819,Mythril Mesail,Ahara Star,20000,1,2023-10-20T21:08:46.000Z,https://universalis.app/market/2819
2825,Ranger's Hat,Katalina Ultima,8000000,1,2023-11-06T11:25:15.000Z,https://universalis.app/market/2825
2827,Mythril Chain Coif,Reis Leone,19000,1,2023-10-22T08:50:48.000Z,https://universalis.app/market/2827
2829,Woolen Beret,Bobby Jatic,39999,1,2023-10-22T19:11:46.000Z,https://universalis.app/market/2829
5348,Apkallu Down,Likol Newesfve,7000,4,2023-10-28T15:16:39.000Z,https://universalis.app/market/5348
2830,Reinforced Mythril Elmo,Isolde Zidon,39000,1,2023-10-16T02:33:01.000Z,https://universalis.app/market/2830
2832,Woolen Cavalier's Hat,Bee Balm,13995,1,2023-10-24T03:47:29.000Z,https://universalis.app/market/2832
2834,Cobalt Preserves,Moon Cheesecake,29000,1,2023-10-23T21:22:36.000Z,https://universalis.app/market/2834
2835,Felt Coif,Sidgur Dotharl,22000,1,2023-10-23T11:34:48.000Z,https://universalis.app/market/2835
2837,Felt Coif of Gathering,Yennefer Lafeye,19254,1,2023-10-22T16:06:57.000Z,https://universalis.app/market/2837
2850,Cobalt Elmo,Caroline Varlineau,21999,1,2023-10-23T17:53:55.000Z,https://universalis.app/market/2850
2852,Felt Hat,Swyrkeim Fraewyn,27000,1,2023-11-06T00:21:14.000Z,https://universalis.app/market/2852
2854,Woolen Deerstalker,Xysalas Simmerdoun,20000,1,2023-10-28T01:17:05.000Z,https://universalis.app/market/2854
2855,Vintage Jester's Cap,Kaylanii Moon,20055,1,2023-10-16T01:27:27.000Z,https://universalis.app/market/2855
2702,Moldering Jester's Cap,Alyx Hyacinth,499,1,2023-10-19T02:50:27.000Z,https://universalis.app/market/2702
2857,Electrum Monocle,Agrat'bat Mahlat,28000,1,2023-10-22T16:30:25.000Z,https://universalis.app/market/2857
5087,Brass Rings,Sephia Blackseraph,10,4,2023-10-30T21:10:19.000Z,https://universalis.app/market/5087
2859,Cobalt Barbut,Selene Horises,39999,1,2023-11-02T23:57:37.000Z,https://universalis.app/market/2859
2861,Cobalt Mesail,Krjn Iryut,18000,1,2023-10-23T01:22:07.000Z,https://universalis.app/market/2861
2862,Raptorskin Pot Helm,Rotha Ilex,25000,1,2023-11-03T01:30:59.000Z,https://universalis.app/market/2862
2870,Electrum Circlet (Rubellite),Jins-a Jinyasa,55000,1,2023-11-03T03:01:59.000Z,https://universalis.app/market/2870
2872,Electrum Circlet (Zircon),Yukari Liu,37000,1,2023-11-01T16:17:19.000Z,https://universalis.app/market/2872
2874,Electrum Circlet (Tourmaline),Emperor Couzcouz,9473,1,2023-11-08T04:54:32.000Z,https://universalis.app/market/2874
2876,Electrum Circlet (Amber),Raynee Day,35000,1,2023-10-17T02:08:26.000Z,https://universalis.app/market/2876
2878,Electrum Circlet (Spinel),Tate Tate,39000,1,2023-11-03T16:39:56.000Z,https://universalis.app/market/2878
2880,Electrum Circlet (Turquoise),Angel Blushes,961,1,2023-10-27T00:20:03.000Z,https://universalis.app/market/2880
2882,Rainmaker's Hat,Questra Djt-nong,27000,1,2023-11-03T22:39:02.000Z,https://universalis.app/market/2882
5084,Cobalt Rings,Torsten Foxe,2500,1,2023-11-06T07:35:22.000Z,https://universalis.app/market/5084
2886,Felt Beret,Ras Kalameet,27000,1,2023-10-17T04:37:17.000Z,https://universalis.app/market/2886
2888,Vintage Coif,Smurgle Biscuits,30000,1,2023-10-23T06:55:59.000Z,https://universalis.app/market/2888
2891,Felt Cavalier's Hat,Arinasai Rokuyari,19250,1,2023-10-26T15:32:20.000Z,https://universalis.app/market/2891
2893,Cobalt Sallet,Frostfire Echohawk,10000,1,2023-10-26T23:50:23.000Z,https://universalis.app/market/2893
2895,Patrician's Wedge Cap,Elwyn Lunare,40000,1,2023-10-21T16:40:58.000Z,https://universalis.app/market/2895
2911,Militia Barbut,Maya Faoiltiarna,8999,1,2023-11-03T01:58:19.000Z,https://universalis.app/market/2911
2912,Militia Armet,Leftenant Scarlett,3990,1,2023-10-28T04:49:22.000Z,https://universalis.app/market/2912
2913,Militia Hat,Mlrm Ermm,1169,1,2023-10-20T22:48:17.000Z,https://universalis.app/market/2913
2915,Silver Tricorne,Verric Lazarus,7057,1,2023-10-31T05:22:35.000Z,https://universalis.app/market/2915
5287,Uraeus Leather,Jaya Folthorne,10000,23,2023-10-28T21:19:44.000Z,https://universalis.app/market/5287
2920,Carpenter's Hood,Cbee Il,15000,1,2023-10-16T18:15:49.000Z,https://universalis.app/market/2920
2921,Blacksmith's Goggles,Vaqroh Tiddy-seeker,8999,1,2023-10-25T13:06:02.000Z,https://universalis.app/market/2921
2922,Armorer's Visor,Akuma Mir,4000,1,2023-10-22T17:41:50.000Z,https://universalis.app/market/2922
2923,Goldsmith's Turban,Rui Lin,2000,1,2023-10-17T17:08:12.000Z,https://universalis.app/market/2923
2924,Leatherworker's Hat,Alice Vibing,29998,1,2023-10-25T18:12:36.000Z,https://universalis.app/market/2924
2925,Weaver's Gibus,Nimue Umiko,30000,1,2023-10-16T22:00:21.000Z,https://universalis.app/market/2925
2926,Alchemist's Monocle,Lavitz Grey,14000,1,2023-10-18T07:50:59.000Z,https://universalis.app/market/2926
2927,Culinarian's Hat,Rhoaste Peaks,29999,1,2023-10-26T19:36:33.000Z,https://universalis.app/market/2927
2929,Hamlet Cutter's Hat,Niasa Aiyako,30000,1,2023-10-22T06:00:10.000Z,https://universalis.app/market/2929
2930,Hamlet Puller's Hat,Calyx Ariti,19998,1,2023-10-18T00:33:53.000Z,https://universalis.app/market/2930
2932,Rose Gold Circlet,Drake Tual,4500,1,2023-10-26T00:17:07.000Z,https://universalis.app/market/2932
2931,Legionary Visor,Day Celes,266000000,1,2023-10-23T03:32:08.000Z,https://universalis.app/market/2931
5067,Rose Gold Ingot,Te'q Sinsonte,1700,1,2023-10-22T17:09:57.000Z,https://universalis.app/market/5067
2933,Imperial Operative Tricorne,Golfinwe Frostbane,1083,1,2023-11-02T20:20:13.000Z,https://universalis.app/market/2933
2934,Imperial Operative Hat,Uni Kriezyk,3496,1,2023-10-28T22:18:41.000Z,https://universalis.app/market/2934
2938,Gryphonskin Bandana,Rhea Doran,3300,1,2023-10-22T09:29:59.000Z,https://universalis.app/market/2938
5289,Hard Hippogryph Leather,Kifa Fahnrir,5200,1,2023-10-27T00:12:51.000Z,https://universalis.app/market/5289
2940,Darksteel Chain Coif,Zara Tirameth,1999,1,2023-11-02T13:34:12.000Z,https://universalis.app/market/2940
5085,Darksteel Rings,Megara Starkiller,1000,3,2023-10-20T03:54:55.000Z,https://universalis.app/market/5085
2941,Vanya Hat of Casting,Vonosten Asuka,30000,1,2023-10-25T20:43:28.000Z,https://universalis.app/market/2941
5577,Vanya Silk Hat Lining,Nebuwu Misamo,2199,1,2023-10-16T11:54:44.000Z,https://universalis.app/market/5577
2942,Vanya Hat of Healing,Jelly Pants,18900,1,2023-10-28T14:26:55.000Z,https://universalis.app/market/2942
2958,Hempen Dalmatica,Kaylanii Moon,5000,1,2023-10-29T17:14:29.000Z,https://universalis.app/market/2958
2959,Hempen Dalmatica of Gathering,No Way,200000000,1,2023-10-19T18:19:47.000Z,https://universalis.app/market/2959
2960,Hempen Tunic,Naughty Totty,190000000,1,2023-10-18T21:03:56.000Z,https://universalis.app/market/2960
2961,Hempen Kurta,Megumi Milk,20000000,1,2023-11-06T22:45:30.000Z,https://universalis.app/market/2961
2993,Company Tabard,Caine Redgreave,1493000,1,2023-10-19T02:58:28.000Z,https://universalis.app/market/2993
2996,Hempen Undershirt,Nix Ennorin,50000000,1,2023-10-28T01:10:04.000Z,https://universalis.app/market/2996
2997,Hempen Camise,Sterling Sartre,75000000,1,2023-10-22T00:08:59.000Z,https://universalis.app/market/2997
2999,Hempen Tabard,Dino Punch-kick,28950,1,2023-10-21T20:52:15.000Z,https://universalis.app/market/2999
3000,Hempen Cowl,Luis Strife,10000,1,2023-10-30T20:08:03.000Z,https://universalis.app/market/3000
3001,Hempen Shepherd's Tunic,Duo Maxwell,24500,1,2023-10-26T15:43:01.000Z,https://universalis.app/market/3001
3008,Hempen Acton,Crei Khett,8495,1,2023-10-28T02:10:46.000Z,https://universalis.app/market/3008
5341,Moko Grass,Shard Crimsonclaw,250,33,2023-11-07T21:09:04.000Z,https://universalis.app/market/5341
3010,Hempen Halfrobe,Cody Corp,7104,1,2023-10-29T02:04:14.000Z,https://universalis.app/market/3010
3011,Bronze Haubergeon,Hephaestus Forge-god,2000,1,2023-11-04T11:47:17.000Z,https://universalis.app/market/3011
3013,Amateur's Doublet Vest,Yami Celes,1106,1,2023-10-19T12:12:00.000Z,https://universalis.app/market/3013
3014,Amateur's Kurta,Qoni Teni,375,1,2023-11-03T17:29:06.000Z,https://universalis.app/market/3014
3015,Amateur's Dalmatica,Odinel Kemp,3000,1,2023-11-06T15:54:01.000Z,https://universalis.app/market/3015
3016,Leather Jacket,Petra Iscarriot,6000,1,2023-10-17T08:42:30.000Z,https://universalis.app/market/3016
3017,Hard Leather Harness,Ozwyn Murciel,9500,1,2023-11-03T00:17:39.000Z,https://universalis.app/market/3017
3018,Hempen Robe,Quinnie Boo,47500000,1,2023-10-17T14:08:25.000Z,https://universalis.app/market/3018
3019,Hempen Doublet Vest of Crafting,Sko'gar Ljon,950,1,2023-10-24T20:07:37.000Z,https://universalis.app/market/3019
3020,Hempen Doublet Vest of Gathering,Mykhala Whiteflame,5000,1,2023-10-28T21:17:12.000Z,https://universalis.app/market/3020
3022,Cotton Shirt,Kohaku Kurohana,10010,1,2023-11-09T21:37:57.000Z,https://universalis.app/market/3022
3023,Cotton Shepherd's Tunic,Lyra Bell,8000,1,2023-10-16T23:42:32.000Z,https://universalis.app/market/3023
3024,Cotton Cowl,Luis Strife,800,1,2023-10-31T20:05:28.000Z,https://universalis.app/market/3024
3026,Bronze Cuirass,Tiugh Athair,10000,1,2023-11-05T02:16:20.000Z,https://universalis.app/market/3026
3028,Cotton Tabard,Lumin Surt,10000,1,2023-10-27T03:29:28.000Z,https://universalis.app/market/3028
3036,Cotton Dalmatica,Penelope Paprikash,5000,1,2023-11-02T15:43:30.000Z,https://universalis.app/market/3036
3039,Cotton Acton,Potato Plato,15000,1,2023-11-02T04:17:39.000Z,https://universalis.app/market/3039
3041,Cotton Kurta,Sylvia Cooper,21115,1,2023-11-02T22:03:28.000Z,https://universalis.app/market/3041
3043,Goatskin Jacket,Falling Apple,350,1,2023-11-05T00:32:05.000Z,https://universalis.app/market/3043
3045,Iron Cuirass,Ume Chorrynth,50000,1,2023-10-20T00:18:58.000Z,https://universalis.app/market/3045
3050,Cotton Halfrobe,Mr Mattattack,20000,1,2023-10-27T09:04:11.000Z,https://universalis.app/market/3050
3052,Cotton Doublet Vest of Crafting,Vanilla Chan,49999,1,2023-10-26T03:30:23.000Z,https://universalis.app/market/3052
3053,Cotton Doublet Vest of Gathering,Tactful Cactus,5500,1,2023-10-16T23:46:37.000Z,https://universalis.app/market/3053
3057,Iron Scale Mail,Questra Djt-nong,12000,1,2023-10-25T13:57:57.000Z,https://universalis.app/market/3057
3060,Cotton Trapper's Tunic,Captain Cooter,1000,1,2023-10-19T13:29:31.000Z,https://universalis.app/market/3060
3062,Cotton Robe,Med Swyggyr,4999,1,2023-10-16T03:31:56.000Z,https://universalis.app/market/3062
3064,Initiate's Doublet Vest,Esla Fran,30000,1,2023-11-10T04:46:01.000Z,https://universalis.app/market/3064
3065,Initiate's Gown,Petra Iscarriot,4575,1,2023-10-20T01:33:25.000Z,https://universalis.app/market/3065
3066,Velveteen Shirt,Kilik Lionel,50000,1,2023-10-28T19:04:04.000Z,https://universalis.app/market/3066
3068,Heavy Iron Armor,Astral Gemini,100000000,1,2023-10-28T03:51:38.000Z,https://universalis.app/market/3068
3076,Vintage Coatee,Y'lyrrha Vheo,150000,1,2023-11-01T04:56:36.000Z,https://universalis.app/market/3076
3009,Moth-eaten Coatee,Ceto Oki,90000,1,2023-10-18T01:49:12.000Z,https://universalis.app/market/3009
3077,Velveteen Coatee of Crafting,Yuki Tomeru,20000,1,2023-10-16T09:40:35.000Z,https://universalis.app/market/3077
3090,Velveteen Cowl,Grimm Noire,180000,1,2023-10-20T08:49:14.000Z,https://universalis.app/market/3090
3092,Velveteen Coatee of Gathering,Eilistra Midgard,14000,1,2023-10-18T03:05:01.000Z,https://universalis.app/market/3092
3096,Steel Chainmail,Tate Tate,35000,1,2023-11-03T11:02:28.000Z,https://universalis.app/market/3096
5083,Steel Rings,Nadaki Vanima,2450,4,2023-10-24T23:09:36.000Z,https://universalis.app/market/5083
3099,Toadskin Jerkin,Clara Moonborn,19750,1,2023-10-24T04:48:07.000Z,https://universalis.app/market/3099
3100,Toadskin Jacket,Hellcat Hoshiko,29999,1,2023-10-18T03:19:47.000Z,https://universalis.app/market/3100
3102,Steel Cuirass,Sofia Firebird,22000,1,2023-10-24T23:12:12.000Z,https://universalis.app/market/3102
3104,Velveteen Gown,Golfinwe Frostbane,25000,1,2023-10-27T17:56:26.000Z,https://universalis.app/market/3104
3105,Vintage Doublet Vest,Eve Crescent,50000,1,2023-10-22T20:01:32.000Z,https://universalis.app/market/3105
2998,Frayed Cotton Doublet Vest,Glynda Windynn,49,1,2023-10-20T04:36:49.000Z,https://universalis.app/market/2998
3106,Velveteen Robe,Issu Alloces,40000,1,2023-11-05T14:15:17.000Z,https://universalis.app/market/3106
3118,Steel Scale Mail,Azrael Starblaze,20000,1,2023-10-23T01:36:48.000Z,https://universalis.app/market/3118
3120,Velveteen Doublet Vest of Crafting,Alice Vibing,25000,1,2023-10-19T01:51:20.000Z,https://universalis.app/market/3120
3121,Velveteen Doublet Vest of Gathering,Dino Punch-kick,35000,1,2023-10-21T21:24:26.000Z,https://universalis.app/market/3121
3125,Linen Shirt,Portia Bella,2500000,1,2023-11-06T16:04:09.000Z,https://universalis.app/market/3125
3127,Heavy Steel Armor,Amati Amour,5000,1,2023-10-17T20:34:50.000Z,https://universalis.app/market/3127
3131,Linen Robe,Kassandra Kobayashi,20000,1,2023-10-18T04:56:16.000Z,https://universalis.app/market/3131
3137,Vintage Chef's Apron,Sam Dickey,1278667,1,2023-10-16T19:54:23.000Z,https://universalis.app/market/3137
3138,Boarskin Harness,Dedeno Feno,24500,1,2023-11-09T04:43:26.000Z,https://universalis.app/market/3138
3140,Linen Cowl,Yasuo Battlepass,10000,1,2023-11-03T00:10:56.000Z,https://universalis.app/market/3140
3142,Horn Scale Mail,Talon Karde,21060,1,2023-10-24T12:05:04.000Z,https://universalis.app/market/3142
3144,Linen Coatee of Crafting,Keilin Harewood,20000,1,2023-10-16T01:38:37.000Z,https://universalis.app/market/3144
3146,Linen Bliaud,Dax Inferno,20000,1,2023-10-16T22:10:12.000Z,https://universalis.app/market/3146
3147,Woolen Shirt,Megumin Megumi,15000,1,2023-11-04T16:41:19.000Z,https://universalis.app/market/3147
3149,Mythril Cuirass,Bormen Showoff,48000,1,2023-10-24T23:08:03.000Z,https://universalis.app/market/3149
3160,Woolen Robe,Lumin Surt,22000,1,2023-10-27T03:48:29.000Z,https://universalis.app/market/3160
3162,Linen Smock,Pudding Wtf,30000,1,2023-10-17T21:52:12.000Z,https://universalis.app/market/3162
3163,Linen Doublet,Kitaranas Kravenfeld,20000,1,2023-10-22T19:38:27.000Z,https://universalis.app/market/3163
3164,Vintage Scale Mail,Fuyu Hanako,30000,1,2023-11-12T00:57:56.000Z,https://universalis.app/market/3164
3021,Blackened Scale Mail,Whyis Gamora,3000,1,2023-10-16T03:04:26.000Z,https://universalis.app/market/3021
3165,Peisteskin Harness,Callisto Pendragon,30000,1,2023-10-17T06:27:41.000Z,https://universalis.app/market/3165
3172,Ranger's Tunic,Tsuki Kaede,30000,1,2023-11-06T14:25:51.000Z,https://universalis.app/market/3172
3174,Mythril Haubergeon,Evyn Sebring,20084,1,2023-10-19T00:19:54.000Z,https://universalis.app/market/3174
3176,Woolen Gown,Rui Lin,39999,1,2023-10-17T17:59:47.000Z,https://universalis.app/market/3176
3177,Boarskin Jerkin,Thorn Pathwalker,35000,1,2023-11-09T02:06:40.000Z,https://universalis.app/market/3177
3178,Woolen Bliaud,Jerry Milkus,8989,1,2023-11-04T04:33:52.000Z,https://universalis.app/market/3178
3180,High Mythril Armor,Reis Leone,49999,1,2023-10-24T05:39:56.000Z,https://universalis.app/market/3180
3182,Vintage Seneschal Coatee,Danius Roetilius,99000,1,2023-11-04T08:56:39.000Z,https://universalis.app/market/3182
3098,Moth-eaten Seneschal Coatee,Aqua Tsuki,70000,1,2023-11-02T04:39:07.000Z,https://universalis.app/market/3098
3183,Tortoiseshell Scale Mail,Coleman Qedashin,15000,1,2023-11-08T23:57:14.000Z,https://universalis.app/market/3183
3185,Felt Robe,Smurgle Biscuits,29999,1,2023-10-23T06:56:12.000Z,https://universalis.app/market/3185
3187,Woolen Smock,Cardief Acorde,45000,1,2023-10-23T01:04:53.000Z,https://universalis.app/market/3187
3188,Woolen Doublet,Farmer Dan,13800,1,2023-11-04T00:53:11.000Z,https://universalis.app/market/3188
3191,Raptorskin Harness,Mikowo Neigh,26000,1,2023-11-04T05:02:24.000Z,https://universalis.app/market/3191
3193,Woolen Cowl,Tirius Aldamar,10000,1,2023-10-23T02:35:50.000Z,https://universalis.app/market/3193
3201,Rainmaker's Tunic,Ashen Dawnbreaker,34988,1,2023-10-25T03:22:03.000Z,https://universalis.app/market/3201
3203,Cobalt Haubergeon,Big-cat Logan,59000,1,2023-11-06T22:52:24.000Z,https://universalis.app/market/3203
3205,Felt Gown,Akari Sara,32000,1,2023-10-26T02:09:33.000Z,https://universalis.app/market/3205
3206,Raptorskin Jerkin,Auros Von'kwehington,46000,1,2023-10-18T00:22:48.000Z,https://universalis.app/market/3206
3208,Vintage Robe,Sayni Takiuno,49000,1,2023-11-03T20:44:07.000Z,https://universalis.app/market/3208
3209,Cobalt Cuirass,Eley Lalafeley,5000,1,2023-10-19T00:33:52.000Z,https://universalis.app/market/3209
3211,Felt Bliaud,Questra Djt-nong,69999,1,2023-11-05T18:31:32.000Z,https://universalis.app/market/3211
3213,Raptorskin Jacket,Claudio Killganon,30095,1,2023-10-18T01:06:31.000Z,https://universalis.app/market/3213
3215,Patrician's Coatee,Valerian Asterius,49000,1,2023-10-26T02:10:51.000Z,https://universalis.app/market/3215
3218,Vintage Haubergeon,Odibrand Geist,30000,1,2023-10-27T15:14:44.000Z,https://universalis.app/market/3218
3229,Carpenter's Gown,Erika Underhill,19999,1,2023-10-26T03:21:26.000Z,https://universalis.app/market/3229
3230,Blacksmith's Apron,Tina Tinker,66964,1,2023-10-20T02:12:19.000Z,https://universalis.app/market/3230
3231,Armorer's Gown,Zuki Morimoto,19978,1,2023-11-10T07:37:05.000Z,https://universalis.app/market/3231
3232,Goldsmith's Doublet,Rui Lin,10270,1,2023-10-17T17:07:59.000Z,https://universalis.app/market/3232
3233,Leatherworker's Shirt,Akari Sara,19992,1,2023-10-26T02:17:25.000Z,https://universalis.app/market/3233
3234,Weaver's Swallowtail,Ivayla Asche,29999,1,2023-10-26T17:31:35.000Z,https://universalis.app/market/3234
3235,Alchemist's Coat,Sigemund Orino,30000,1,2023-10-29T21:25:33.000Z,https://universalis.app/market/3235
3236,Culinarian's Apron,Rhoaste Peaks,39999,1,2023-10-26T18:52:27.000Z,https://universalis.app/market/3236
3237,Miner's Shirt,Karagisi Mavina,70000,1,2023-10-23T07:45:35.000Z,https://universalis.app/market/3237
3238,Botanist's Doublet,Climhazzard Fury,70000,1,2023-10-16T10:58:50.000Z,https://universalis.app/market/3238
3239,Fisher's Shirt,Jeeves Fraideoux,70000,1,2023-10-28T15:46:28.000Z,https://universalis.app/market/3239
3240,Militia Robe,Samael Shido,2000,1,2023-10-18T22:47:45.000Z,https://universalis.app/market/3240
3242,Militia Harness,Nakumura Shutara,39999,1,2023-10-22T23:32:00.000Z,https://universalis.app/market/3242
3243,Mosshorn Scale Mail,Rotha Ilex,4487,1,2023-11-03T01:31:06.000Z,https://universalis.app/market/3243
5437,Mossy Horn,Edge Shaldine,250,1,2023-11-11T14:50:48.000Z,https://universalis.app/market/5437
3244,Dodore Doublet,Dark Zetsu,74000,1,2023-11-05T02:40:17.000Z,https://universalis.app/market/3244
5286,Dodore Leather,Darkstorm Delynx,550,2,2023-10-26T20:47:55.000Z,https://universalis.app/market/5286
3256,Heavy Darksteel Armor,Lilium Milou,12000,1,2023-10-29T22:40:37.000Z,https://universalis.app/market/3256
5585,Darksteel Breastplate,Cinnamon Sugar,2021,1,2023-10-29T16:19:49.000Z,https://universalis.app/market/5585
3257,Darksteel Haubergeon,Butterfly Effect,500,1,2023-10-27T03:06:40.000Z,https://universalis.app/market/3257
5105,Garlean Steel Plate,Dade Darksoul,99,1,2023-11-02T14:38:25.000Z,https://universalis.app/market/5105
3258,Gryphonskin Jerkin,Lekaka Leka,1999,1,2023-10-19T15:43:42.000Z,https://universalis.app/market/3258
5290,Coeurl Fur,Tabius Korinthos,250,1,2023-11-03T18:36:53.000Z,https://universalis.app/market/5290
5581,Gryphonskin Shoulder Guards,Didrianna Winterset,2000,2,2023-11-02T01:27:31.000Z,https://universalis.app/market/5581
3259,Gryphonskin Tunic,Rishun Hashim,1998,1,2023-10-29T14:38:43.000Z,https://universalis.app/market/3259
5104,Garlean Steel Joint,D'lyxna Tia,370,1,2023-10-24T01:36:36.000Z,https://universalis.app/market/5104
3260,Vanya Robe of Casting,Miki Chinen,99999,1,2023-11-07T06:41:55.000Z,https://universalis.app/market/3260
5578,Vanya Silk Robe Lining,Ralia Lunafell,5024,2,2023-11-05T03:25:11.000Z,https://universalis.app/market/5578
3261,Vanya Robe of Healing,Yasuo Battlepass,199985,1,2023-11-05T14:35:38.000Z,https://universalis.app/market/3261
3274,Hempen Breeches,Yulia Solay,8000,1,2023-10-18T11:54:11.000Z,https://universalis.app/market/3274
3275,Hempen Breeches of Crafting,Sky Ice,5000,1,2023-11-07T22:52:24.000Z,https://universalis.app/market/3275
3276,Hempen Shepherd's Slops,Kitaranas Kravenfeld,20000,1,2023-10-21T19:09:02.000Z,https://universalis.app/market/3276
3307,Hempen Underpants,Cale Gamble,30000,1,2023-10-23T05:18:31.000Z,https://universalis.app/market/3307
3308,Hempen Pantalettes,Madam Krysis,161467000,1,2023-11-04T21:09:22.000Z,https://universalis.app/market/3308
3309,Hempen Chausses,Sko'gar Ljon,5000,1,2023-10-24T20:08:06.000Z,https://universalis.app/market/3309
3310,Leather Culottes,Anastasia Romanov,9999,1,2023-10-16T00:58:53.000Z,https://universalis.app/market/3310
3311,Hempen Sarouel,Dee De,15000,1,2023-11-01T15:48:05.000Z,https://universalis.app/market/3311
3312,Hempen Tights,Kiwa Arana,20000,1,2023-11-03T12:56:16.000Z,https://universalis.app/market/3312
3313,Hempen Kecks,Dinah Mirtheart,9999,1,2023-11-10T01:43:20.000Z,https://universalis.app/market/3313
3314,Hempen Gaskins,Fjor Brynja,10000,1,2023-10-18T12:36:34.000Z,https://universalis.app/market/3314
3315,Amateur's Slops,Ulti Ofstreams,45000,1,2023-10-20T13:15:19.000Z,https://universalis.app/market/3315
3316,Amateur's Breeches,Vayne Carudas,25000,1,2023-11-03T04:27:21.000Z,https://universalis.app/market/3316
3317,Hempen Bottoms,Luna Kadar,5000,1,2023-10-21T10:47:48.000Z,https://universalis.app/market/3317
3318,Hempen Trousers,Kulai Ru,10000,1,2023-10-24T02:34:11.000Z,https://universalis.app/market/3318
3319,Hard Leather Subligar,Kirbly Durbly,10000,1,2023-10-26T05:35:47.000Z,https://universalis.app/market/3319
3320,Striped Cotton Slops,Odinel Kemp,2000,1,2023-11-06T15:54:37.000Z,https://universalis.app/market/3320
3321,Cotton Sarouel,Raw Beef,20000,1,2023-11-08T00:59:52.000Z,https://universalis.app/market/3321
3322,Cotton Shepherd's Slops,Lune Marpierre,90,1,2023-11-03T06:58:41.000Z,https://universalis.app/market/3322
