id,name,buyerName,pricePerUnit,quantity,timestamp,universalisUrl
1602,Bronze Bastard Sword,Courtesan Roulette,201009000,1,2024-06-23T04:55:02.000Z,https://universalis.app/market/1602
2,Fire Shard,Vasha Akusker,5501,139,2024-06-22T19:49:13.000Z,https://universalis.app/market/2
5,Earth Shard,Vasha Akusker,300,500,2024-06-22T19:50:21.000Z,https://universalis.app/market/5
5056,Bronze Ingot,Bera Faulkner,344,18,2024-06-13T02:37:36.000Z,https://universalis.app/market/5056
5361,Maple Lumber,Hamonoa Tammono,5000000,1,2024-06-16T15:02:14.000Z,https://universalis.app/market/5361
5432,Bone Chip,Raven Bane,1000,99,2024-06-16T18:44:01.000Z,https://universalis.app/market/5432
1603,Viking Sword,Khoai Tay,10004,1,2024-06-21T13:46:07.000Z,https://universalis.app/market/1603
5275,Leather,Oria Solidea,402,6,2024-06-10T07:46:04.000Z,https://universalis.app/market/5275
1604,Ash Macuahuitl,Cheshire Catt,7000000,1,2024-06-19T02:55:46.000Z,https://universalis.app/market/1604
3,Ice Shard,Sega Olis,175,55,2024-06-09T14:53:00.000Z,https://universalis.app/market/3
4,Wind Shard,Vasha Akusker,700,1000,2024-06-22T19:49:37.000Z,https://universalis.app/market/4
5124,Obsidian,Fire Ashes,320,11,2024-06-14T23:32:03.000Z,https://universalis.app/market/5124
5364,Ash Lumber,Helba Ahieress,1000,1,2024-06-25T23:56:57.000Z,https://universalis.app/market/5364
1605,Bronze Spatha,Harriet Montgomery,15000,1,2024-06-06T05:18:32.000Z,https://universalis.app/market/1605
5276,Hard Leather,Aureole Adora-vivos,4000,1,2024-06-07T17:40:06.000Z,https://universalis.app/market/5276
5434,Ram Horn,Afrit Telamon,137,46,2024-06-12T17:50:49.000Z,https://universalis.app/market/5434
1607,Brass Bastard Sword,Ciel Valentine,6000,1,2024-06-12T07:12:20.000Z,https://universalis.app/market/1607
5063,Brass Ingot,Aeras Tempestas,1000,7,2024-06-07T23:18:17.000Z,https://universalis.app/market/5063
1609,Brass Viking Sword,Hope Luxora,6000,1,2024-06-14T22:56:03.000Z,https://universalis.app/market/1609
5277,Aldgoat Leather,Ui Ui,5000,1,2024-06-12T06:39:05.000Z,https://universalis.app/market/5277
1611,Carnage Sword,Sega Olis,2713,1,2024-06-08T14:12:17.000Z,https://universalis.app/market/1611
5057,Iron Ingot,Luka Bautalta,1000,1,2024-06-07T01:25:33.000Z,https://universalis.app/market/5057
5367,Elm Lumber,Luka Bautalta,1000,1,2024-06-07T01:25:17.000Z,https://universalis.app/market/5367
1622,Iron Spatha,Aw Tysm,500,1,2024-06-14T16:19:33.000Z,https://universalis.app/market/1622
5435,Antelope Horn,Atlas Strongarm,2500,1,2024-06-18T03:15:53.000Z,https://universalis.app/market/5435
1625,Steel Broadsword,Riley Grey,9000,1,2024-06-19T18:39:31.000Z,https://universalis.app/market/1625
5058,Steel Ingot,Ruutini Linguini,2250,1,2024-06-06T01:32:25.000Z,https://universalis.app/market/5058
5371,Walnut Lumber,Zi Iy,100000,7,2024-06-25T11:38:03.000Z,https://universalis.app/market/5371
5444,Wolf Fang,Shun Kodakumi,9999,11,2024-06-26T05:24:58.000Z,https://universalis.app/market/5444
1627,Elm Macuahuitl,O'fae Ursine,799,1,2024-06-17T06:44:21.000Z,https://universalis.app/market/1627
1633,Steel Falchion,Noralia Eien,40036,1,2024-06-13T21:41:57.000Z,https://universalis.app/market/1633
5260,Siltstone Whetstone,Odjin Yorae,2000,1,2024-06-23T00:54:38.000Z,https://universalis.app/market/5260
1635,Vintage Bastard Sword,Lappy Ashborne,29999,1,2024-06-07T18:22:40.000Z,https://universalis.app/market/1635
8,Fire Crystal,Mono'sono Glu'tame,100,2400,2024-06-16T18:15:55.000Z,https://universalis.app/market/8
5259,Mudstone Whetstone,Kilamaru Amaya,1500,1,2024-06-07T10:06:59.000Z,https://universalis.app/market/5259
1637,Walnut Macuahuitl,Shoo Shoo,10042,1,2024-06-17T20:05:23.000Z,https://universalis.app/market/1637
5125,Wyvern Obsidian,Silver Chimera,300,7,2024-06-06T15:04:39.000Z,https://universalis.app/market/5125
1639,Steel Longsword,Roehbhrat Ganzwilfsyn,25000,1,2024-06-20T20:47:39.000Z,https://universalis.app/market/1639
5504,Fish Glue,Mugen Rokujizo,4002,11,2024-06-08T20:27:47.000Z,https://universalis.app/market/5504
1642,Goblin Scimitar,Michiru Rintaro,60500,1,2024-06-06T08:32:18.000Z,https://universalis.app/market/1642
1613,Blunt Goblin Scimitar,Rena Rysto,1500,1,2024-06-22T05:01:03.000Z,https://universalis.app/market/1613
1643,Mythril Broadsword,Ciel Valentine,15001,1,2024-06-20T02:43:23.000Z,https://universalis.app/market/1643
5065,Mythril Ingot,Yozora Yume,5000,91,2024-06-24T23:27:30.000Z,https://universalis.app/market/5065
5373,Oak Lumber,Kellas Robin,3000,10,2024-06-18T22:16:23.000Z,https://universalis.app/market/5373
1648,Vintage Viking Sword,Savan Cordis,10057,1,2024-06-10T15:30:28.000Z,https://universalis.app/market/1648
11,Earth Crystal,Vasha Akusker,998,200,2024-06-22T19:43:58.000Z,https://universalis.app/market/11
1616,Nicked Viking Sword,Saiyuki Akashi,11996,1,2024-06-14T06:06:21.000Z,https://universalis.app/market/1616
5262,Basilisk Whetstone,Esthra Lasra,5000,1,2024-06-10T21:00:48.000Z,https://universalis.app/market/5262
1650,Plumed Oak Macuahuitl,Rahq'a Tayuun,19800,1,2024-06-11T15:22:50.000Z,https://universalis.app/market/1650
5360,Wildfowl Feather,Y'dyalani Aba,1000,2,2024-06-06T07:32:45.000Z,https://universalis.app/market/5360
1657,Cobalt Katzbalger,Insidious Akagane,17999,1,2024-06-12T20:43:43.000Z,https://universalis.app/market/1657
5059,Cobalt Ingot,Maellun Sunmane,23000,1,2024-06-24T22:31:24.000Z,https://universalis.app/market/5059
5066,Electrum Ingot,Azele Eunos,16000,1,2024-06-13T19:34:05.000Z,https://universalis.app/market/5066
5282,Boar Leather,Nae Zie,4500,1,2024-06-17T05:37:59.000Z,https://universalis.app/market/5282
1659,Cobalt Shamshir,Jragonis Arcanon,55555,1,2024-06-15T01:05:54.000Z,https://universalis.app/market/1659
5436,Aldgoat Horn,Jibril Narukami,2000,3,2024-06-16T18:24:30.000Z,https://universalis.app/market/5436
1663,Cobalt Winglet,Jasper James,48888,1,2024-06-10T04:25:01.000Z,https://universalis.app/market/1663
5374,Mahogany Lumber,Thundrr Thighs,3500,1,2024-06-19T17:49:07.000Z,https://universalis.app/market/5374
5465,Sunrise Tellin,G'zulh Nunh,749,3,2024-06-26T04:02:25.000Z,https://universalis.app/market/5465
5505,Horn Glue,Helba Ahieress,25000,1,2024-06-26T00:31:38.000Z,https://universalis.app/market/5505
1666,Giantsgall Longsword,Dzh Sck,30000000,1,2024-06-15T05:53:57.000Z,https://universalis.app/market/1666
18,Lightning Cluster,Tiamat Dragonhart,1001,3,2024-06-10T04:35:14.000Z,https://universalis.app/market/18
19,Water Cluster,Valmar Thundercord,349,101,2024-06-12T10:50:58.000Z,https://universalis.app/market/19
7620,Diluted Vitriol,Astaralynn Foreshadow,150,10,2024-06-19T19:41:52.000Z,https://universalis.app/market/7620
1670,Aeolian Scimitar,Ysgolhaig Cerdoriaeth,99897,1,2024-06-08T18:57:24.000Z,https://universalis.app/market/1670
1636,Blunt Aeolian Scimitar,Shy Verin,825,1,2024-06-17T23:51:11.000Z,https://universalis.app/market/1636
5061,Darksteel Nugget,Gunnar Armstrong,6000,1,2024-06-16T18:55:01.000Z,https://universalis.app/market/5061
1673,Mailbreaker,Delilah Rayne,1999,1,2024-06-10T02:58:06.000Z,https://universalis.app/market/1673
14,Fire Cluster,Vasha Akusker,2001,100,2024-06-22T19:45:13.000Z,https://universalis.app/market/14
17,Earth Cluster,K'onhoa Jadental,1001,4,2024-06-14T15:37:49.000Z,https://universalis.app/market/17
5068,Rose Gold Nugget,Oblevee Kaisuri,5003,1,2024-06-25T03:33:03.000Z,https://universalis.app/market/5068
5288,Hippogryph Leather,Xlorp Zlorp,5000,1,2024-06-19T21:26:00.000Z,https://universalis.app/market/5288
5570,Mailbreaker Blade,Odin Oots,521,1,2024-06-22T19:35:05.000Z,https://universalis.app/market/5570
1681,Bone Hora,Sora Preston,20000,1,2024-06-16T08:03:13.000Z,https://universalis.app/market/1681
5318,Animal Sinew,Soren Valkyr,1000,5,2024-06-11T00:49:24.000Z,https://universalis.app/market/5318
1682,Leather Himantes,Sockies Watanabe,2495,1,2024-06-10T20:10:57.000Z,https://universalis.app/market/1682
5324,Undyed Hempen Cloth,Captain Dread,2000000,1,2024-06-07T12:56:06.000Z,https://universalis.app/market/5324
1683,Ramhorn Claws,Ulti Ofstreams,2000,1,2024-06-20T14:21:13.000Z,https://universalis.app/market/1683
1684,Bronze Knuckles,Morgan Arcadia,20009,1,2024-06-17T21:39:13.000Z,https://universalis.app/market/1684
1685,Hard Leather Himantes,Mugen Xaean,100,1,2024-06-07T04:33:18.000Z,https://universalis.app/market/1685
1686,Brass Knuckles,Ersos Koda,14,1,2024-06-10T06:49:57.000Z,https://universalis.app/market/1686
1688,Goatskin Cesti,Subutai Oronir,9995,1,2024-06-17T05:09:30.000Z,https://universalis.app/market/1688
5319,Beast Sinew,Arasen Angura,1040,3,2024-06-12T22:16:11.000Z,https://universalis.app/market/5319
1694,Spiked Knuckles,Dano T'ier,12000,1,2024-06-16T01:01:08.000Z,https://universalis.app/market/1694
5072,Iron Plate,Dark Sunshine,2000,1,2024-06-13T00:02:01.000Z,https://universalis.app/market/5072
1697,Toadskin Cesti,Fioni Asra,14999,1,2024-06-21T01:58:04.000Z,https://universalis.app/market/1697
5280,Toad Leather,Ishtar Anastasia,5000,4,2024-06-07T05:33:46.000Z,https://universalis.app/market/5280
5320,Diremite Sinew,Orianne Absolute,750,4,2024-06-21T17:08:00.000Z,https://universalis.app/market/5320
1699,Steel Claws,Lamarion Mabinogi,5000,1,2024-06-07T20:11:33.000Z,https://universalis.app/market/1699
5073,Steel Plate,Moogs Poogs,3000,2,2024-06-21T20:14:16.000Z,https://universalis.app/market/5073
1706,Crabshell Hora,Titan Tiddies,30000,1,2024-06-16T19:45:50.000Z,https://universalis.app/market/1706
5321,Hippogryph Sinew,Distraught Koala,600,4,2024-06-14T01:47:24.000Z,https://universalis.app/market/5321
5456,Green Megalocrab Shell,Ms Eldari,3000,1,2024-06-24T02:50:30.000Z,https://universalis.app/market/5456
1708,Boarskin Himantes,Ciela Atkascha,4000,1,2024-06-23T04:44:52.000Z,https://universalis.app/market/1708
1711,Mythril Claws,Kris Darkness,33378,1,2024-06-17T18:19:05.000Z,https://universalis.app/market/1711
5079,Mythril Plate,Verona Void,8000,3,2024-06-25T15:11:46.000Z,https://universalis.app/market/5079
1716,Tortoiseshell Hora,Oskii Smolcat,15000,1,2024-06-19T02:16:55.000Z,https://universalis.app/market/1716
5322,Raptor Sinew,Voli Greywolfe,1250,8,2024-06-23T21:05:47.000Z,https://universalis.app/market/5322
5458,Adamantoise Shell,Botcho Fulmhu,125,20,2024-06-24T10:12:04.000Z,https://universalis.app/market/5458
1723,Cobalt Knuckles,Nagi Raha,55555,1,2024-06-14T18:17:42.000Z,https://universalis.app/market/1723
1728,Peisteskin Cesti,Yunalesca Yevon,5500,1,2024-06-16T07:17:28.000Z,https://universalis.app/market/1728
5284,Peiste Leather,Galateia Starstrider,2000,1,2024-06-13T04:35:59.000Z,https://universalis.app/market/5284
1732,Vintage Hora,Zelina Ze'lard,45110,1,2024-06-09T19:43:34.000Z,https://universalis.app/market/1732
1701,Chipped Hora,Dommingo Vectra,459,1,2024-06-06T01:00:39.000Z,https://universalis.app/market/1701
5285,Raptor Leather,Ra Zetzy,3220,13,2024-06-09T20:46:14.000Z,https://universalis.app/market/5285
1733,Cobalt Claws,Raikyo Deus,30104,1,2024-06-06T09:22:48.000Z,https://universalis.app/market/1733
5074,Cobalt Plate,Tio Tot,2999,10,2024-06-11T22:17:17.000Z,https://universalis.app/market/5074
1736,Giantsgall Claws,Reacyn Pogue,1150,1,2024-06-08T20:33:34.000Z,https://universalis.app/market/1736
1740,Wildling's Cesti,Sunbear Valace,59900,1,2024-06-18T12:52:28.000Z,https://universalis.app/market/1740
10,Wind Crystal,Xinx Shadowcharr,999,200,2024-06-16T03:45:31.000Z,https://universalis.app/market/10
5567,Bloody Cesti Covers,Saphira Summers,2100,1,2024-06-06T01:03:07.000Z,https://universalis.app/market/5567
1743,Avengers,Reacyn Pogue,2000,1,2024-06-08T20:33:44.000Z,https://universalis.app/market/1743
5378,Spruce Lumber,Mholi Purpura,7133,4,2024-06-16T21:21:45.000Z,https://universalis.app/market/5378
5571,Avenger Grips,Eleanor Watabe,1000,1,2024-06-10T02:54:35.000Z,https://universalis.app/market/5571
1750,Bronze War Axe,Tamoie Kanshi,400000,1,2024-06-14T14:22:43.000Z,https://universalis.app/market/1750
1751,Bronze Labrys,Jackie Rin,1505,1,2024-06-06T20:15:13.000Z,https://universalis.app/market/1751
1752,Cloud Axe,Sibert Swiftstrike,2995,1,2024-06-18T03:21:28.000Z,https://universalis.app/market/1752
1753,Spiked Bronze Labrys,Harriet Montgomery,40010,1,2024-06-06T05:18:44.000Z,https://universalis.app/market/1753
1754,Iron War Axe,Dark Sunshine,5000,1,2024-06-12T03:50:24.000Z,https://universalis.app/market/1754
1756,Iron Labrys,Lylac Winter,14999,1,2024-06-17T09:43:08.000Z,https://universalis.app/market/1756
1758,Inferno Axe,Lylac Winter,5000,1,2024-06-19T22:18:34.000Z,https://universalis.app/market/1758
1764,Iron Bill,Dirty Martini,10023,1,2024-06-16T06:43:46.000Z,https://universalis.app/market/1764
4856,Clove Oil,Rajko Akyrios,4500,1,2024-06-06T02:10:31.000Z,https://universalis.app/market/4856
5368,Yew Lumber,Myrikh Altan,1000,1,2024-06-07T06:39:35.000Z,https://universalis.app/market/5368
1766,Thunderstorm Axe,Asano Rahl-majere,4031,1,2024-06-23T22:02:22.000Z,https://universalis.app/market/1766
5064,Silver Ingot,Scarlett Kami,5000,1,2024-06-10T02:12:47.000Z,https://universalis.app/market/5064
1769,Spiked Steel Labrys,R'ofl Mao,10000,1,2024-06-11T16:40:06.000Z,https://universalis.app/market/1769
1776,Steel Bardiche,Vrillis Fythe,50000,1,2024-06-14T01:48:44.000Z,https://universalis.app/market/1776
5405,Yew Branch,Hotcross Bao,1000,1,2024-06-09T22:25:27.000Z,https://universalis.app/market/5405
1778,Steel Bhuj,Isobel Gowdie,59000,1,2024-06-22T18:36:22.000Z,https://universalis.app/market/1778
1781,Spiked Mythril Labrys,Endaria L'histoire,250000,1,2024-06-11T19:57:00.000Z,https://universalis.app/market/1781
1786,Mythril Bhuj,Evelynn Lucivarian,99998,1,2024-06-09T20:53:06.000Z,https://universalis.app/market/1786
1796,Buccaneer's Bardiche,Zi Iy,54999,1,2024-06-25T10:48:05.000Z,https://universalis.app/market/1796
5414,Rosewood Branch,Myrikh Altan,501,8,2024-06-17T00:15:38.000Z,https://universalis.app/market/5414
1800,Vintage Bill,Good Bye,8000,1,2024-06-08T06:17:40.000Z,https://universalis.app/market/1800
1771,Notched Bill,Barghest Gawain,4000,1,2024-06-07T03:32:15.000Z,https://universalis.app/market/1771
1801,Demilune Bhuj,Pocket-size Eris,50000,1,2024-06-11T14:34:08.000Z,https://universalis.app/market/1801
5196,Jadeite,Mary Iyaa,5000,2,2024-06-17T22:47:15.000Z,https://universalis.app/market/5196
1803,Spiked Cobalt Labrys,Helmiknok Dadestoryer,40000,1,2024-06-16T22:39:02.000Z,https://universalis.app/market/1803
5376,Rosewood Lumber,Ra Zetzy,5000,1,2024-06-12T15:06:22.000Z,https://universalis.app/market/5376
1806,Giantsgall War Axe,Jer'hiv Fracelda,3500,1,2024-06-10T07:39:45.000Z,https://universalis.app/market/1806
7580,Mossy Stone Axe,Dreamy Kins,10,1,2024-06-10T17:17:29.000Z,https://universalis.app/market/7580
1810,Barbarian's Bardiche,Azami Miyumi,50000,1,2024-06-07T22:29:41.000Z,https://universalis.app/market/1810
5566,Bloody Bardiche Head,Saphira Summers,1000,1,2024-06-10T19:04:22.000Z,https://universalis.app/market/5566
1813,Rampager,Torrent Fall,2150,1,2024-06-06T06:21:16.000Z,https://universalis.app/market/1813
5075,Darksteel Plate,Mholi Purpura,5000,99,2024-06-15T19:52:53.000Z,https://universalis.app/market/5075
5572,Rampager Head,Eleanor Watabe,1024,2,2024-06-10T02:54:40.000Z,https://universalis.app/market/5572
1820,Bone Harpoon,Woo Win,800,1,2024-06-13T22:19:09.000Z,https://universalis.app/market/1820
5503,Animal Glue,Alesia Rayna,500,1,2024-06-25T05:39:36.000Z,https://universalis.app/market/5503
1821,Bronze Spear,Catboy Bottoms,1000,1,2024-06-17T15:30:51.000Z,https://universalis.app/market/1821
5482,Fish Oil,Khoai Tay,750,1,2024-06-21T06:13:26.000Z,https://universalis.app/market/5482
1822,Ramhorn Harpoon,Meena Fhey,150,1,2024-06-14T01:52:27.000Z,https://universalis.app/market/1822
1823,Feathered Harpoon,Rhazorex Highwind,9995,1,2024-06-12T16:59:04.000Z,https://universalis.app/market/1823
5352,Crow Feather,Zi Iy,1001,15,2024-06-20T06:53:03.000Z,https://universalis.app/market/5352
5433,Soiled Femur,Mugen Rokujizo,106,99,2024-06-08T20:34:59.000Z,https://universalis.app/market/5433
1824,Brass Spear,Rhazorex Highwind,495,1,2024-06-12T16:59:10.000Z,https://universalis.app/market/1824
1825,Iron Spear,Valhalla Xernas,8799,1,2024-06-23T00:45:12.000Z,https://universalis.app/market/1825
1827,Iron Lance,Jenyfael Astreia,14995,1,2024-06-10T16:52:38.000Z,https://universalis.app/market/1827
1833,Iron Guisarme,Toriel Dremerr,4500,1,2024-06-15T20:05:17.000Z,https://universalis.app/market/1833
1836,Silver Battle Fork,Lily Kay,5000,1,2024-06-20T17:47:49.000Z,https://universalis.app/market/1836
5484,Crab Oil,Rue Thaelmore,5500,1,2024-06-17T22:02:54.000Z,https://universalis.app/market/5484
1838,Steel Halberd,Oskii Smolcat,10000,1,2024-06-06T02:39:08.000Z,https://universalis.app/market/1838
1845,Steel Spear,O'fae Ursine,14000,1,2024-06-17T06:28:43.000Z,https://universalis.app/market/1845
1847,Heavy Steel Lance,R'akto Tia,10000,1,2024-06-15T16:49:47.000Z,https://universalis.app/market/1847
1850,Yarzonshell Harpoon,Hellfire Neibros,22000,1,2024-06-15T02:57:00.000Z,https://universalis.app/market/1850
5454,Yellow Yarzon Leg,Rorolai Sasim,997,5,2024-06-13T04:39:36.000Z,https://universalis.app/market/5454
1855,Mythril Lance,Agon Aquitaine,9000,1,2024-06-18T14:32:03.000Z,https://universalis.app/market/1855
1862,Cobalt Halberd,Zi Iy,63000,1,2024-06-25T11:38:34.000Z,https://universalis.app/market/1862
1867,Cobalt Trident,Quinella Pontifex,20000,1,2024-06-12T16:31:19.000Z,https://universalis.app/market/1867
5486,Shark Oil,Sasha Yuwaku-sha,7480,9,2024-06-13T01:35:21.000Z,https://universalis.app/market/5486
9,Ice Crystal,Vasha Akusker,998,200,2024-06-22T19:43:00.000Z,https://universalis.app/market/9
1840,Crooked Guisarme,Moxie Roha,900,1,2024-06-09T01:16:14.000Z,https://universalis.app/market/1840
1872,Hart Guisarme,Ra Zetzy,15000,1,2024-06-09T21:05:49.000Z,https://universalis.app/market/1872
1875,Giantsgall Trident,Rion Mori,1000,1,2024-06-21T21:55:48.000Z,https://universalis.app/market/1875
1879,Champion's Lance,Deejay Ballin,54067,1,2024-06-07T10:30:31.000Z,https://universalis.app/market/1879
5565,Bloody Lance Head,Alyara Vega,8000,1,2024-06-07T23:23:49.000Z,https://universalis.app/market/5565
1882,Obelisk,J'ocasta Kayah,1372,1,2024-06-22T19:23:53.000Z,https://universalis.app/market/1882
5573,Obelisk Head,Eleanor Watabe,1200,1,2024-06-10T02:54:43.000Z,https://universalis.app/market/5573
1891,Maple Shortbow,Muscle Milkers,3995,1,2024-06-12T03:39:02.000Z,https://universalis.app/market/1891
5333,Hempen Yarn,Solomon Ravengarde,500,99,2024-06-07T06:10:11.000Z,https://universalis.app/market/5333
1892,Maple Longbow,Kofuku Binbougami,3000,1,2024-06-19T03:09:37.000Z,https://universalis.app/market/1892
5396,Maple Branch,Arumath Purpledoom,750,1,2024-06-25T23:03:49.000Z,https://universalis.app/market/5396
1893,Plumed Maple Shortbow,Reckless Pink,145,1,2024-06-21T11:43:32.000Z,https://universalis.app/market/1893
5351,Cock Feather,Bethov Thy,100,3,2024-06-18T03:27:16.000Z,https://universalis.app/market/5351
1894,Wrapped Maple Longbow,Atlanna Love,800,1,2024-06-13T18:02:01.000Z,https://universalis.app/market/1894
5402,Ash Branch,Orion Storm-chaser,1000,1,2024-06-08T19:45:19.000Z,https://universalis.app/market/5402
1895,Ash Shortbow,Ichigo Higanbana,10600,1,2024-06-12T23:57:57.000Z,https://universalis.app/market/1895
1897,Elm Longbow,Bullying Rocks,8888,1,2024-06-09T00:09:54.000Z,https://universalis.app/market/1897
5334,Cotton Yarn,Asami Kohaku,1002,26,2024-06-24T04:36:53.000Z,https://universalis.app/market/5334
1899,Elm Velocity Bow,Shadow Kuro,100,1,2024-06-13T06:31:28.000Z,https://universalis.app/market/1899
1905,Wrapped Elm Longbow,Lily Kay,20000,1,2024-06-13T01:02:30.000Z,https://universalis.app/market/1905
1908,Ash Composite Bow,Pocket-size Eris,6999,1,2024-06-09T17:26:11.000Z,https://universalis.app/market/1908
1915,Ash Cavalry Bow,Sora Preston,12000,1,2024-06-18T12:35:52.000Z,https://universalis.app/market/1915
5409,Oak Branch,Amybelle Teonis,950,14,2024-06-25T13:15:08.000Z,https://universalis.app/market/5409
1917,Oak Longbow,Sizu Raha,55555,1,2024-06-13T08:07:54.000Z,https://universalis.app/market/1917
5336,Linen Yarn,Scarlett Kami,3000,40,2024-06-17T06:58:38.000Z,https://universalis.app/market/5336
1920,Mythril Cavalry Bow,Mystery Nuggs,27999,1,2024-06-13T00:36:21.000Z,https://universalis.app/market/1920
1925,Oak Composite Bow,Jenyfael Astreia,50900,1,2024-06-10T16:56:49.000Z,https://universalis.app/market/1925
1932,Cobalt Cavalry Bow,Thalia Arlinn,20000,1,2024-06-10T00:33:18.000Z,https://universalis.app/market/1932
1937,Yew Longbow,Jasper James,55555,1,2024-06-10T05:38:09.000Z,https://universalis.app/market/1937
1941,Vintage Bow,Mahdi Rowalah,5000,1,2024-06-19T03:59:03.000Z,https://universalis.app/market/1941
1942,Crab Bow,Saffran Saeunn,59999,1,2024-06-11T20:48:09.000Z,https://universalis.app/market/1942
5462,Red Coral,Luja Santos,6000,2,2024-06-22T23:53:31.000Z,https://universalis.app/market/5462
1945,Giantsgall Longbow,Reacyn Pogue,2000,1,2024-06-11T20:41:40.000Z,https://universalis.app/market/1945
1949,Longarm's Composite Bow,Sunbear Valace,69900,1,2024-06-18T12:57:48.000Z,https://universalis.app/market/1949
5568,Bloody Bow Rim,Miminzo Giganzo,2116,3,2024-06-09T13:54:53.000Z,https://universalis.app/market/5568
1953,Sarnga,Halis Usagi,2481,1,2024-06-10T20:46:58.000Z,https://universalis.app/market/1953
15,Ice Cluster,Tiamat Dragonhart,1001,5,2024-06-20T23:36:39.000Z,https://universalis.app/market/15
16,Wind Cluster,Yoshii Piere,1001,5,2024-06-22T07:01:45.000Z,https://universalis.app/market/16
5574,Sarnga Limb,Chile Mango,2300,2,2024-06-12T15:59:45.000Z,https://universalis.app/market/5574
1958,Maple Wand,Volcanic Geranium,39999,1,2024-06-07T17:43:19.000Z,https://universalis.app/market/1958
6,Lightning Shard,Enci Strife,900,300,2024-06-23T05:41:26.000Z,https://universalis.app/market/6
7,Water Shard,Enci Strife,500,900,2024-06-23T05:41:38.000Z,https://universalis.app/market/7
5470,Growth Formula Alpha,Mary Iyaa,2000,1,2024-06-13T00:03:53.000Z,https://universalis.app/market/5470
1959,Whispering Maple Wand,Sir Shadycat,25000,1,2024-06-07T20:45:02.000Z,https://universalis.app/market/1959
1960,Budding Maple Wand,Mugen Rokujizo,11111,1,2024-06-09T00:25:23.000Z,https://universalis.app/market/1960
5492,Beastkin Blood,Bera Faulkner,147,33,2024-06-13T01:47:28.000Z,https://universalis.app/market/5492
1961,Ash Wand,Leah Tribal,5009,1,2024-06-21T20:28:24.000Z,https://universalis.app/market/1961
5471,Growth Formula Beta,Obi Tech,8000,1,2024-06-08T07:07:30.000Z,https://universalis.app/market/5471
1963,Budding Ash Wand,Mystique Daesho,19000,1,2024-06-18T22:36:12.000Z,https://universalis.app/market/1963
1965,Whispering Ash Wand,Yora Rofnhiru,1021,1,2024-06-06T16:24:04.000Z,https://universalis.app/market/1965
5493,Scalekin Blood,Moonrae Mojo,1201,1,2024-06-16T10:54:17.000Z,https://universalis.app/market/5493
1967,Yew Wand,Liz Zombie,20000,1,2024-06-16T04:59:58.000Z,https://universalis.app/market/1967
1969,Budding Yew Wand,Rabid Pringles,20000,1,2024-06-15T23:34:56.000Z,https://universalis.app/market/1969
1971,Budding Oak Wand,Jackie Rin,40000,1,2024-06-06T19:57:24.000Z,https://universalis.app/market/1971
4603,Hi-Potion of Mind,Thelanicus Revarion,500,30,2024-06-23T00:54:13.000Z,https://universalis.app/market/4603
1974,Wand of Frost,Od Bolir,20000,1,2024-06-13T17:26:40.000Z,https://universalis.app/market/1974
5199,Eye of Ice,Ginger Uwu,240,1,2024-06-23T16:26:38.000Z,https://universalis.app/market/5199
5472,Growth Formula Gamma,Chaey Im,2000,1,2024-06-12T15:26:01.000Z,https://universalis.app/market/5472
1976,Wand of Tremors,Angel Lightborn,35000,1,2024-06-13T11:24:03.000Z,https://universalis.app/market/1976
5201,Eye of Earth,Emoni Clay,1000,2,2024-06-12T03:43:36.000Z,https://universalis.app/market/5201
1978,Wand of Tides,Rhaegar Black,80059,1,2024-06-07T20:36:18.000Z,https://universalis.app/market/1978
5203,Eye of Water,Bethov Thy,100,1,2024-06-23T14:35:12.000Z,https://universalis.app/market/5203
1981,Wand of Flames,Astrid Zegoat,3000,1,2024-06-14T15:48:52.000Z,https://universalis.app/market/1981
5198,Eye of Fire,Astrid Highwind,14750,1,2024-06-22T22:20:19.000Z,https://universalis.app/market/5198
5200,Eye of Wind,Neko Des,100,3,2024-06-15T01:04:04.000Z,https://universalis.app/market/5200
5202,Eye of Lightning,Saber Lynn,90,1,2024-06-06T02:43:51.000Z,https://universalis.app/market/5202
1987,Budding Rosewood Wand,Zoro Hawkeye,55555,1,2024-06-15T04:31:45.000Z,https://universalis.app/market/1987
4608,Mega-Potion of Mind,Voronwe Nairel,30000,1,2024-06-19T01:42:33.000Z,https://universalis.app/market/4608
5494,Spoken Blood,Nae Zie,10000,1,2024-06-16T21:33:52.000Z,https://universalis.app/market/5494
1996,Maple Cane,Batty Esmour,5000,1,2024-06-19T04:09:05.000Z,https://universalis.app/market/1996
1997,Maple Crook,Paranoia Pixie,4444,1,2024-06-15T03:15:41.000Z,https://universalis.app/market/1997
1998,Ash Radical,Mr Aliazium,2011,1,2024-06-15T08:37:16.000Z,https://universalis.app/market/1998
2000,Elm Cane,Umeyasha Mellissan,995,1,2024-06-18T03:53:51.000Z,https://universalis.app/market/2000
2002,Elm Crook,Hana Erebus,350,1,2024-06-24T07:56:59.000Z,https://universalis.app/market/2002
2004,Yew Radical,Fin Dei-ijla,9500,1,2024-06-18T00:49:59.000Z,https://universalis.app/market/2004
2010,Pastoral Yew Cane,Leif Fairune,3989,1,2024-06-17T01:13:50.000Z,https://universalis.app/market/2010
2011,Yew Crook,Asano Rahl-majere,3499,1,2024-06-23T22:06:40.000Z,https://universalis.app/market/2011
2015,Walnut Cane,Soft Energy,15046,1,2024-06-23T23:12:02.000Z,https://universalis.app/market/2015
2021,Plumed Yew Crook,Saruichii Sankuro,10000,1,2024-06-12T04:47:42.000Z,https://universalis.app/market/2021
2023,Oak Radical,Lil Mil,25000,1,2024-06-13T15:57:39.000Z,https://universalis.app/market/2023
2026,Pastoral Oak Cane,Siskiyoh Sama,29000,1,2024-06-19T07:09:44.000Z,https://universalis.app/market/2026
2030,Sprouting Rosewood Radical,Atori Tsurugi,5000,1,2024-06-16T00:30:57.000Z,https://universalis.app/market/2030
2039,Jade Crook,Jasper James,55555,1,2024-06-10T05:38:17.000Z,https://universalis.app/market/2039
2041,Vintage Cane,Dasvi Daniya,12450,1,2024-06-08T05:05:24.000Z,https://universalis.app/market/2041
2014,Splintered Cane,Bob Magrann,555,1,2024-06-09T05:51:13.000Z,https://universalis.app/market/2014
2044,Pastoral Mahogany Cane,Od Bolir,18000,1,2024-06-13T17:27:10.000Z,https://universalis.app/market/2044
5335,Dew Thread,Timitoah Xylixus,2499,1,2024-06-15T08:40:53.000Z,https://universalis.app/market/5335
2047,Tane Mahuta,Plasmic Wolf,25000,1,2024-06-18T23:16:45.000Z,https://universalis.app/market/2047
5555,Ochu Vine,Thelanicus Revarion,1100,7,2024-06-23T01:48:45.000Z,https://universalis.app/market/5555
2048,Giantsgall Cane,Ansel Qestir,3000,1,2024-06-22T18:54:56.000Z,https://universalis.app/market/2048
2049,Madman's Whispering Rod,Sunbear Valace,69769,1,2024-06-18T12:58:33.000Z,https://universalis.app/market/2049
12,Lightning Crystal,Vasha Akusker,998,200,2024-06-22T19:44:13.000Z,https://universalis.app/market/12
13,Water Crystal,Free Boulder,234,124,2024-06-25T00:51:32.000Z,https://universalis.app/market/13
5473,Growth Formula Delta,Merry Blossom,1250,1,2024-06-11T15:10:41.000Z,https://universalis.app/market/5473
5537,Thavnairian Mistletoe,Critter Skritter,259,22,2024-06-10T23:17:41.000Z,https://universalis.app/market/5537
5547,Vampire Plant,Khoai Tay,485,2,2024-06-24T05:35:31.000Z,https://universalis.app/market/5547
2051,Alkalurops,Wanderer Rose,10000,1,2024-06-13T23:59:14.000Z,https://universalis.app/market/2051
5575,Suspended Trillium Flower,Odin Oots,399,1,2024-06-22T19:35:50.000Z,https://universalis.app/market/5575
2056,Bone Brand,Tuan Nguyen,19999,1,2024-06-11T11:15:07.000Z,https://universalis.app/market/2056
5197,Marbled Eye,Toshi'ro Shiki,500,99,2024-06-11T18:06:58.000Z,https://universalis.app/market/5197
2057,Copper Scepter,Felix Abberderis,5005,1,2024-06-14T01:49:52.000Z,https://universalis.app/market/2057
5062,Copper Ingot,Amalit Owo,500,1,2024-06-16T07:46:40.000Z,https://universalis.app/market/5062
2058,Bronze Scepter,Radar O'reilly,10001,1,2024-06-07T00:04:50.000Z,https://universalis.app/market/2058
2059,Brass Cudgel,Diggie Bloodmoon,5100,1,2024-06-08T22:29:13.000Z,https://universalis.app/market/2059
2061,Decorated Copper Scepter,Y'estelle Serenity,48990,1,2024-06-08T16:31:27.000Z,https://universalis.app/market/2061
5258,Ragstone Whetstone,Bethov Thy,999,1,2024-06-13T17:40:01.000Z,https://universalis.app/market/5258
2063,Wind Brand,Leanan Sidhe,21999,1,2024-06-06T11:12:16.000Z,https://universalis.app/market/2063
2066,Ice Brand,Ranperre D'oraguille,3975,1,2024-06-07T04:51:47.000Z,https://universalis.app/market/2066
2069,Silver Scepter,Y'estelle Serenity,4995,1,2024-06-08T22:03:27.000Z,https://universalis.app/market/2069
5527,Brimstone,Lemyon Aran,999,14,2024-06-10T10:23:05.000Z,https://universalis.app/market/5527
2071,Earth Brand,Dazaii Osamu,25000,1,2024-06-09T03:16:01.000Z,https://universalis.app/market/2071
2076,Decorated Silver Scepter,Y'estelle Serenity,4998,1,2024-06-09T01:03:32.000Z,https://universalis.app/market/2076
2078,Fire Brand,Tyran Zeal,54333,1,2024-06-06T00:58:44.000Z,https://universalis.app/market/2078
2083,Lightning Brand,Highlord Rhys,5000,1,2024-06-17T18:14:43.000Z,https://universalis.app/market/2083
2088,Electrum Scepter,Marlo Mckorn,1997,1,2024-06-10T00:15:16.000Z,https://universalis.app/market/2088
5489,Quicksilver,Wiltwyda Sterrmerlwyn,1000,14,2024-06-23T18:07:31.000Z,https://universalis.app/market/5489
2093,Vintage Cudgel,Kari Zana,25000,1,2024-06-13T15:34:28.000Z,https://universalis.app/market/2093
2068,Damaged Cudgel,Super Chopper,4000,1,2024-06-06T14:26:39.000Z,https://universalis.app/market/2068
5092,Iron Rivets,Jasper James,1200,1,2024-06-10T04:33:44.000Z,https://universalis.app/market/5092
2094,Water Brand,Nawdie D'fun,7149,1,2024-06-06T05:20:00.000Z,https://universalis.app/market/2094
2097,Jade Scepter,Sylvia Rawtonium,3000,1,2024-06-06T07:33:20.000Z,https://universalis.app/market/2097
5168,Jade,Toko Alouette,300,1,2024-06-07T05:41:46.000Z,https://universalis.app/market/5168
5439,Ogre Horn,Onryo Gozen,101,1,2024-06-19T20:31:28.000Z,https://universalis.app/market/5439
2102,Sanguine Scepter,Plotte One,95600,1,2024-06-06T18:50:36.000Z,https://universalis.app/market/2102
5206,Pinprick Pebble,Kyouki Mugen,37,1,2024-06-13T04:13:04.000Z,https://universalis.app/market/5206
2106,Bone Staff,Kalcaion Kasenumi,4275,1,2024-06-23T23:40:52.000Z,https://universalis.app/market/2106
2107,Ramhorn Staff,Kagome Inuyasha,3000,1,2024-06-08T00:52:46.000Z,https://universalis.app/market/2107
2108,Decorated Bone Staff,Petra Whitlock,3498,1,2024-06-06T20:10:28.000Z,https://universalis.app/market/2108
5442,Bat Fang,Lotuz Isabella,889,1,2024-06-20T03:51:18.000Z,https://universalis.app/market/5442
2109,Toothed Ramhorn Staff,Y'estelle Serenity,19990,1,2024-06-08T16:18:50.000Z,https://universalis.app/market/2109
2111,Staghorn Staff,Kiwi Starlight,30000,1,2024-06-11T21:52:54.000Z,https://universalis.app/market/2111
2116,Sanguine Horn Staff,Maeve Alderwood,33999,1,2024-06-19T22:47:22.000Z,https://universalis.app/market/2116
2118,Toothed Staghorn Staff,Tuan Nguyen,2000,1,2024-06-11T12:12:04.000Z,https://universalis.app/market/2118
2123,Toothed Goathorn Staff,Osiris Neverwinter,50000,1,2024-06-18T20:23:58.000Z,https://universalis.app/market/2123
2125,Horn Staff,Frost Zion,54975,1,2024-06-25T12:59:40.000Z,https://universalis.app/market/2125
2130,Black Horn Staff,Evelynn Yui,48999,1,2024-06-08T02:46:02.000Z,https://universalis.app/market/2130
2133,Ivory Staff,Mio Aphelion,25000,1,2024-06-12T17:26:08.000Z,https://universalis.app/market/2133
2136,Giantsgall Longstaff,Third Grade,1000,1,2024-06-19T22:36:46.000Z,https://universalis.app/market/2136
2139,Astrolabe,Adough Opal,1274,1,2024-06-11T21:53:13.000Z,https://universalis.app/market/2139
5576,Astrolabe Clinometer,Odin Oots,849,1,2024-06-22T19:35:54.000Z,https://universalis.app/market/5576
2143,Leather Grimoire,Elia Mi,20000,1,2024-06-16T20:26:26.000Z,https://universalis.app/market/2143
5380,Maple Log,Dukino Lunam,1000,15,2024-06-09T21:07:52.000Z,https://universalis.app/market/5380
5475,Enchanted Copper Ink,Zelean Ladair,20,3,2024-06-21T18:49:54.000Z,https://universalis.app/market/5475
2144,Maple Picatrix,Shiro Two,10000,1,2024-06-06T01:23:31.000Z,https://universalis.app/market/2144
2145,Engraved Leather Grimoire,Osiris Neverwinter,29999,1,2024-06-15T00:15:24.000Z,https://universalis.app/market/2145
5383,Ash Log,Kaede Natsumi,190,3,2024-06-07T23:10:43.000Z,https://universalis.app/market/5383
2146,Ash Picatrix,Brianna Soltera,3000,1,2024-06-24T06:25:43.000Z,https://universalis.app/market/2146
2147,Hard Leather Grimoire,Fenrir Harrel,50000,1,2024-06-24T22:45:17.000Z,https://universalis.app/market/2147
5385,Elm Log,Jand Pinkerton,3000,3,2024-06-18T06:09:40.000Z,https://universalis.app/market/5385
5476,Enchanted Iron Ink,Zmega Galvus,1000,1,2024-06-14T22:10:46.000Z,https://universalis.app/market/5476
2149,Engraved Hard Leather Grimoire,G' Koda,25019,1,2024-06-15T18:50:37.000Z,https://universalis.app/market/2149
5386,Yew Log,Dart Ikari,3000,9,2024-06-25T07:55:55.000Z,https://universalis.app/market/5386
2151,Yew Picatrix,Setora Vander,12024,1,2024-06-16T22:05:14.000Z,https://universalis.app/market/2151
2156,Goatskin Grimoire,Ameline Vendhen,20000,1,2024-06-16T13:53:30.000Z,https://universalis.app/market/2156
5477,Enchanted Silver Ink,Skarlette Shepard,200002,2,2024-06-10T12:28:22.000Z,https://universalis.app/market/5477
2160,Engraved Goatskin Grimoire,Siskiyoh Sama,10019,1,2024-06-20T05:44:16.000Z,https://universalis.app/market/2160
5388,Walnut Log,Saffron Sidereal,511,21,2024-06-17T00:05:28.000Z,https://universalis.app/market/5388
2166,Book of Silver,Siskiyoh Sama,33989,1,2024-06-20T05:45:07.000Z,https://universalis.app/market/2166
5390,Oak Log,Sophi Ellach,429,99,2024-06-18T04:59:23.000Z,https://universalis.app/market/5390
2169,Embossed Book of Silver,Addalyde Whiskers,30000,1,2024-06-12T23:59:24.000Z,https://universalis.app/market/2169
2174,Book of Mythril,Osirion Silverblade,19998,1,2024-06-09T00:10:20.000Z,https://universalis.app/market/2174
5346,Flax,Fay Ferra,500,99,2024-06-16T21:30:27.000Z,https://universalis.app/market/5346
5478,Enchanted Mythril Ink,Bagaridai Borlaaqe,1000,5,2024-06-06T04:56:07.000Z,https://universalis.app/market/5478
2184,Vintage Picatrix,Link Sweque,30074,1,2024-06-25T17:33:48.000Z,https://universalis.app/market/2184
2158,Brittle Picatrix,Marza Ming,449,1,2024-06-14T23:07:14.000Z,https://universalis.app/market/2158
2185,Book of Electrum,Col Palmeri,7000,1,2024-06-15T03:09:39.000Z,https://universalis.app/market/2185
5337,Woolen Yarn,Xalnaris Strifee,2999,1,2024-06-11T14:06:34.000Z,https://universalis.app/market/5337
5393,Rosewood Log,Asami Kohaku,399,99,2024-06-17T05:21:58.000Z,https://universalis.app/market/5393
5479,Enchanted Electrum Ink,Ratsel Clause,739,1,2024-06-06T01:09:34.000Z,https://universalis.app/market/5479
2189,Embossed Book of Electrum,Nawdie D'fun,7000,1,2024-06-15T11:43:47.000Z,https://universalis.app/market/2189
2193,Cantamina Thavnaria,Clarkii Mahri,3198,1,2024-06-24T03:00:23.000Z,https://universalis.app/market/2193
5481,Enchanted Rose Gold Ink,Vicenzo Volpe,1998,1,2024-06-06T01:32:08.000Z,https://universalis.app/market/5481
2194,Medica Thavnaria,Panda Pie,2499,1,2024-06-20T15:57:27.000Z,https://universalis.app/market/2194
2201,Erudite's Picatrix of Healing,Aw Tysm,73700,1,2024-06-10T01:55:45.000Z,https://universalis.app/market/2201
5480,Enchanted Gold Ink,Tali Ashwood,2990,1,2024-06-06T01:56:05.000Z,https://universalis.app/market/5480
5569,Bloody Grimoire Binding,Celes Farron,2193,1,2024-06-07T23:55:07.000Z,https://universalis.app/market/5569
2202,Erudite's Picatrix of Casting,Liquid Skull,83500,1,2024-06-08T00:40:43.000Z,https://universalis.app/market/2202
2211,Deus Ex Verbis,Zel Malachai,1799,1,2024-06-21T02:40:39.000Z,https://universalis.app/market/2211
5338,Silk Thread,Nocta Luna,5000,1,2024-06-25T22:09:17.000Z,https://universalis.app/market/5338
2212,Deus Ex Gratia,More Coffee,1999,1,2024-06-15T18:16:23.000Z,https://universalis.app/market/2212
2219,Square Maple Shield,Waxed Mylf,8988,1,2024-06-18T05:51:11.000Z,https://universalis.app/market/2219
5091,Bronze Rivets,Lylac Winter,999,4,2024-06-19T22:20:58.000Z,https://universalis.app/market/5091
12524,Titanium Nugget,Mama Gunji,9999,4,2024-06-10T05:43:24.000Z,https://universalis.app/market/12524
12529,Titanium Rivets,Saint Mephistopheles,15000,2,2024-06-09T23:16:26.000Z,https://universalis.app/market/12529
12658,Dusk Leather,Solthael Lightbringer,389999,1,2024-06-12T20:47:21.000Z,https://universalis.app/market/12658
2226,Bronze Hoplon,Ichigo Higanbana,35000,1,2024-06-16T20:28:17.000Z,https://universalis.app/market/2226
5071,Bronze Plate,Sage Umbra,555,10,2024-06-20T01:55:48.000Z,https://universalis.app/market/5071
2228,Round Shield,Neffie Games,2499,1,2024-06-19T15:58:59.000Z,https://universalis.app/market/2228
2229,Leather Targe,Seph Triste,400,1,2024-06-20T02:16:11.000Z,https://universalis.app/market/2229
2230,Bronze Scutum,Kaida Brynn,12900000,1,2024-06-24T05:57:36.000Z,https://universalis.app/market/2230
2231,Bronze Buckler,Ralcesh Vo'rei,24995,1,2024-06-09T01:04:02.000Z,https://universalis.app/market/2231
2233,Square Ash Shield,Keegan Locke,25,1,2024-06-07T16:44:15.000Z,https://universalis.app/market/2233
2236,Iron Hoplon,Nuala Teshurr,30000,1,2024-06-23T22:42:20.000Z,https://universalis.app/market/2236
2238,Vintage Square Shield,Y'estelle Serenity,6000,1,2024-06-10T00:06:49.000Z,https://universalis.app/market/2238
2224,Worm-eaten Square Shield,Yuki Ai,21059,1,2024-06-17T19:04:47.000Z,https://universalis.app/market/2224
4859,Cider Vinegar,Bettenhausen Leonhart,1000,3,2024-06-13T02:25:11.000Z,https://universalis.app/market/4859
2239,Ironclad Bronze Buckler,Gremiyun Gremiyun,8001,1,2024-06-08T14:15:33.000Z,https://universalis.app/market/2239
2241,Iron Lantern Shield,Darian Millen,3000,1,2024-06-18T13:51:57.000Z,https://universalis.app/market/2241
5998,Tallow Candle,Nishiya Minori,2000000,1,2024-06-07T16:35:49.000Z,https://universalis.app/market/5998
2242,Iron Scutum,Zenobia Septimia,1006,1,2024-06-18T02:52:06.000Z,https://universalis.app/market/2242
2244,Vintage Hoplon,Fenrir Harrel,35000,1,2024-06-17T17:04:45.000Z,https://universalis.app/market/2244
2246,Viper-crested Round Shield,Ciela Atkascha,1011,1,2024-06-21T20:41:01.000Z,https://universalis.app/market/2246
2248,Iron Kite Shield,He'hu Speyx,7500,1,2024-06-21T07:41:29.000Z,https://universalis.app/market/2248
2250,Goatskin Targe,Vrillis Fythe,19999,1,2024-06-14T01:49:30.000Z,https://universalis.app/market/2250
5093,Steel Rivets,Terrace De'tusk,5000,5,2024-06-13T03:43:16.000Z,https://universalis.app/market/5093
2257,Bull Hoplon,Shiara Zephyr,10000000,1,2024-06-15T21:35:36.000Z,https://universalis.app/market/2257
2260,Decorated Buckler,Rhalia Steele,12000,1,2024-06-20T19:15:12.000Z,https://universalis.app/market/2260
2262,Decorated Iron Scutum,Ugly Hag,7999,1,2024-06-16T16:36:07.000Z,https://universalis.app/market/2262
2268,Bladed Lantern Shield,Dagasi Dadaan,19999,1,2024-06-13T21:08:36.000Z,https://universalis.app/market/2268
2270,Raptorskin Targe,Helba Ahieress,44000,1,2024-06-25T07:59:26.000Z,https://universalis.app/market/2270
5099,Mythril Rivets,Azhi' Dahaka,2503,3,2024-06-13T00:35:40.000Z,https://universalis.app/market/5099
2232,Rusting Scutum,Angelo Strong,18000,1,2024-06-16T02:16:51.000Z,https://universalis.app/market/2232
2279,Cobalt Scutum,Jasper James,13000,1,2024-06-09T21:40:40.000Z,https://universalis.app/market/2279
5094,Cobalt Rivets,Joe G',3000,20,2024-06-25T17:09:54.000Z,https://universalis.app/market/5094
2287,Eagle-crested Round Shield,Ginger Uwu,15000,1,2024-06-18T23:47:21.000Z,https://universalis.app/market/2287
2289,Vintage Round Shield,Judge Victoreon,10000,1,2024-06-19T01:44:09.000Z,https://universalis.app/market/2289
2237,Rotting Round Shield,Khoai Tay,400,1,2024-06-21T07:13:20.000Z,https://universalis.app/market/2237
5228,Ragstone,Sano Radiant,4111,8,2024-06-23T01:59:03.000Z,https://universalis.app/market/5228
5517,Lanolin,Bunni Bells,447,1,2024-06-11T17:47:17.000Z,https://universalis.app/market/5517
2294,Kite Shield,Fillia Beris,9999,1,2024-06-21T16:57:53.000Z,https://universalis.app/market/2294
2296,Cobalt Bladed Lantern Shield,Lilian Solaris,15000,1,2024-06-11T23:41:27.000Z,https://universalis.app/market/2296
2298,Oxblood Targe,Madelynn Dawnspring,30000,1,2024-06-07T10:51:16.000Z,https://universalis.app/market/2298
2300,Vintage Kite Shield,Stormey Dragon,25000,1,2024-06-10T08:17:14.000Z,https://universalis.app/market/2300
2259,Scarred Kite Shield,Ek Lethe,661,1,2024-06-14T06:31:01.000Z,https://universalis.app/market/2259
2302,Darksteel Scutum,Vash Knights,3100,1,2024-06-10T01:17:48.000Z,https://universalis.app/market/2302
5060,Darksteel Ingot,Amber Satinlace,9990,26,2024-06-11T16:27:29.000Z,https://universalis.app/market/5060
5095,Darksteel Rivets,Auhs Bauhs,5000,12,2024-06-09T03:47:52.000Z,https://universalis.app/market/5095
2303,Darksteel Buckler,Kearan Shadowsong,3055,1,2024-06-13T00:31:44.000Z,https://universalis.app/market/2303
2304,Spruce Round Shield,Ember Igneel,24050,1,2024-06-20T22:47:26.000Z,https://universalis.app/market/2304
5379,Treated Spruce Lumber,Reishen Minyuki,30000,2,2024-06-20T05:48:05.000Z,https://universalis.app/market/5379
2315,Bronze Saw,Emi Anatol,1000,1,2024-06-21T18:49:10.000Z,https://universalis.app/market/2315
2316,Amateur's Saw,Nom Hataru,6000,1,2024-06-14T13:29:13.000Z,https://universalis.app/market/2316
2317,Chocobotail Saw,Reeses Peices,195,1,2024-06-09T18:22:39.000Z,https://universalis.app/market/2317
2318,Initiate's Saw,Sasaki Duibhne,10000,1,2024-06-12T08:39:02.000Z,https://universalis.app/market/2318
2319,Bas-relief Iron Saw,Reeses Peices,9926,1,2024-06-09T18:23:21.000Z,https://universalis.app/market/2319
2320,Iron Chocobotail Saw,O'fae Ursine,9999,1,2024-06-17T06:31:05.000Z,https://universalis.app/market/2320
2321,Bas-relief Steel Saw,Lemyon Aran,14999,1,2024-06-18T06:49:34.000Z,https://universalis.app/market/2321
2322,Crosscut Saw,Little Kupo,2000,1,2024-06-11T21:18:03.000Z,https://universalis.app/market/2322
2323,Mythril Saw,Col Palmeri,19999,1,2024-06-15T15:02:30.000Z,https://universalis.app/market/2323
2324,Mythril Chocobotail Saw,Leletoca Bebetoca,1995,1,2024-06-12T16:35:19.000Z,https://universalis.app/market/2324
2325,Bas-relief Cobalt Saw,Serenity Stone,15000,1,2024-06-08T16:02:56.000Z,https://universalis.app/market/2325
2328,Amateur's Claw Hammer,Panterra Rygar,1000,1,2024-06-20T00:33:27.000Z,https://universalis.app/market/2328
2329,Bronze Claw Hammer,Yoshii Piere,2009,1,2024-06-15T18:58:39.000Z,https://universalis.app/market/2329
2331,Iron Claw Hammer,Reeses Peices,5000,1,2024-06-09T18:23:14.000Z,https://universalis.app/market/2331
5483,Jellyfish Humours,Shara Stormborne,2000,8,2024-06-14T07:23:13.000Z,https://universalis.app/market/5483
2332,Initiate's Claw Hammer,Yuki Oda,2029,1,2024-06-08T20:47:26.000Z,https://universalis.app/market/2332
2334,Steel Claw Hammer,Scarlett Aemilia,49989,1,2024-06-21T05:55:13.000Z,https://universalis.app/market/2334
2335,Wrapped Steel Claw Hammer,Dane Dawnstar,36565,1,2024-06-13T03:35:03.000Z,https://universalis.app/market/2335
5485,Linseed Oil,Etan Yutan,5749,1,2024-06-07T11:14:16.000Z,https://universalis.app/market/5485
2337,Mythril Claw Hammer,Aeri Aqua,19500,1,2024-06-07T00:33:09.000Z,https://universalis.app/market/2337
2338,Cobalt Claw Hammer,Helloda Shiryu,14000,1,2024-06-20T22:59:09.000Z,https://universalis.app/market/2338
2339,Militia Claw Hammer,Lady Rebecca,55000,1,2024-06-17T21:25:07.000Z,https://universalis.app/market/2339
2341,Bronze Cross-pein Hammer,Afrit Telamon,9995,1,2024-06-12T17:07:51.000Z,https://universalis.app/market/2341
2342,Amateur's Cross-pein Hammer,Mimi Kyu,997,1,2024-06-08T09:16:20.000Z,https://universalis.app/market/2342
2343,Birdsbeak Hammer,Willowfire Blackheart,4911,1,2024-06-23T20:36:07.000Z,https://universalis.app/market/2343
5325,Undyed Cotton Cloth,Asami Kohaku,2000,22,2024-06-24T04:42:25.000Z,https://universalis.app/market/5325
2344,Iron Cross-pein Hammer,Ezra Solace,20001,1,2024-06-07T02:45:05.000Z,https://universalis.app/market/2344
2345,Initiate's Cross-pein Hammer,Kanin Mahyz,8000,1,2024-06-15T00:27:48.000Z,https://universalis.app/market/2345
2346,Crowsbeak Hammer,Lylac Winter,24999,1,2024-06-24T12:06:54.000Z,https://universalis.app/market/2346
2347,Heavy Crowsbeak Hammer,Corban Dallas,800,1,2024-06-13T16:10:33.000Z,https://universalis.app/market/2347
2348,Steel Cross-pein Hammer,Verinai Trevelyan,5000,1,2024-06-14T15:29:12.000Z,https://universalis.app/market/2348
5326,Undyed Velveteen,Lanaya Salkhi,10001,12,2024-06-15T06:04:49.000Z,https://universalis.app/market/5326
2349,Steel Crowsbeak Hammer,Anna Mew,12500,1,2024-06-22T03:27:07.000Z,https://universalis.app/market/2349
2350,Wrapped Crowsbeak Hammer,Kane Hasegawa,56000,1,2024-06-15T19:57:15.000Z,https://universalis.app/market/2350
2351,Cobalt Cross-pein Hammer,Aya Nailo,66666,1,2024-06-10T13:09:16.000Z,https://universalis.app/market/2351
2355,Amateur's File,Scarlet Everfire,995,1,2024-06-22T02:44:41.000Z,https://universalis.app/market/2355
2356,Bronze File,O'niin Ahd,500,1,2024-06-10T04:03:21.000Z,https://universalis.app/market/2356
2358,Iron File,Ase Astrid,4000,1,2024-06-20T10:21:08.000Z,https://universalis.app/market/2358
2359,Initiate's File,Yari Zuko,15549,1,2024-06-16T16:48:24.000Z,https://universalis.app/market/2359
2361,Steel File,Sasaki Duibhne,1500,1,2024-06-15T05:46:33.000Z,https://universalis.app/market/2361
2363,Mythril File,Y'dyalani Aba,15000,1,2024-06-06T07:30:34.000Z,https://universalis.app/market/2363
2364,Cobalt File,Fishtara Moonsong,40107,1,2024-06-14T12:37:35.000Z,https://universalis.app/market/2364
2365,Militia File,Aya Nailo,23000,1,2024-06-10T13:13:29.000Z,https://universalis.app/market/2365
2367,Bronze Doming Hammer,Sol Deluna,5000,1,2024-06-16T13:11:37.000Z,https://universalis.app/market/2367
2368,Amateur's Doming Hammer,Elyse Starsong,70,1,2024-06-24T06:09:56.000Z,https://universalis.app/market/2368
2369,Bronze Raising Hammer,Iiconic Streams,4501,1,2024-06-22T04:02:26.000Z,https://universalis.app/market/2369
2370,Iron Doming Hammer,Akasha Purrana,2999,1,2024-06-11T14:21:31.000Z,https://universalis.app/market/2370
2371,Initiate's Doming Hammer,Loopi Froots,8000,1,2024-06-10T09:10:20.000Z,https://universalis.app/market/2371
2372,Iron Raising Hammer,Zenobia Septimia,10000,1,2024-06-18T02:51:41.000Z,https://universalis.app/market/2372
2373,Wrapped Iron Raising Hammer,Valeria Richards,1500,1,2024-06-11T18:34:16.000Z,https://universalis.app/market/2373
2374,Steel Doming Hammer,Urha Blanc,3000,1,2024-06-09T18:30:24.000Z,https://universalis.app/market/2374
2375,Steel Raising Hammer,Zafina Bairon,21074,1,2024-06-09T21:16:51.000Z,https://universalis.app/market/2375
2376,Cobalt Doming Hammer,Nom Hataru,6092,1,2024-06-16T14:58:25.000Z,https://universalis.app/market/2376
2377,Cobalt Raising Hammer,Col Palmeri,64110,1,2024-06-15T15:00:23.000Z,https://universalis.app/market/2377
2380,Amateur's Pliers,Panterra Rygar,1800,1,2024-06-17T01:51:45.000Z,https://universalis.app/market/2380
2381,Bronze Pliers,Subby Puppy,2490,1,2024-06-17T16:58:27.000Z,https://universalis.app/market/2381
2383,Iron Pliers,Kalivel Greave,10021,1,2024-06-15T14:58:14.000Z,https://universalis.app/market/2383
2384,Initiate's Pliers,Mugen Rokujizo,2028,1,2024-06-08T19:29:25.000Z,https://universalis.app/market/2384
2386,Steel Pliers,Morwen Shieldbreaker,15000,1,2024-06-20T13:41:51.000Z,https://universalis.app/market/2386
2388,Mythril Pliers,Xeos Xeor,46999,1,2024-06-06T04:34:37.000Z,https://universalis.app/market/2388
2389,Cobalt Pliers,Aya Nailo,59999,1,2024-06-10T13:09:43.000Z,https://universalis.app/market/2389
2390,Militia Pliers,Jake Skye,25130,1,2024-06-15T20:16:22.000Z,https://universalis.app/market/2390
2392,Bronze Chaser Hammer,Jackie Rin,3333,1,2024-06-14T18:51:36.000Z,https://universalis.app/market/2392
2393,Amateur's Chaser Hammer,Just Dizzt,4995,1,2024-06-22T04:31:11.000Z,https://universalis.app/market/2393
2394,Bronze Ornamental Hammer,Syrus Aurem,300,1,2024-06-07T03:34:15.000Z,https://universalis.app/market/2394
2395,Iron Chaser Hammer,Nix Veranixiya,700,1,2024-06-08T12:42:02.000Z,https://universalis.app/market/2395
2396,Initiate's Chaser Hammer,Bullying Rocks,4000,1,2024-06-09T20:24:32.000Z,https://universalis.app/market/2396
2397,Iron Ornamental Hammer,Conny Zelria,40000,1,2024-06-09T23:17:48.000Z,https://universalis.app/market/2397
2398,Steel Chaser Hammer,Asha Carlion,2546,1,2024-06-12T16:40:43.000Z,https://universalis.app/market/2398
2399,Steel Ornamental Hammer,Valeria Richards,7062,1,2024-06-17T15:27:41.000Z,https://universalis.app/market/2399
2400,Mythril Ornamental Hammer,Zafina Bairon,40000,1,2024-06-16T03:14:47.000Z,https://universalis.app/market/2400
2401,Mythril Lapidary Hammer,Waxed Mylf,34997,1,2024-06-18T06:42:38.000Z,https://universalis.app/market/2401
2402,Electrum Lapidary Hammer,Garrus Flameborn,24000,1,2024-06-07T20:21:16.000Z,https://universalis.app/market/2402
5183,Tourmaline,Sunday Crocodile,502,2,2024-06-07T21:37:14.000Z,https://universalis.app/market/5183
2405,Amateur's Grinding Wheel,Zelean Ladair,95,1,2024-06-23T05:09:23.000Z,https://universalis.app/market/2405
2406,Ragstone Grinding Wheel,Iiconic Streams,4989,1,2024-06-23T23:56:36.000Z,https://universalis.app/market/2406
2408,Mudstone Grinding Wheel,Nom Hataru,10000,1,2024-06-16T22:33:44.000Z,https://universalis.app/market/2408
5229,Mudstone,Valaddor Petyasch,9000000,1,2024-06-23T06:34:07.000Z,https://universalis.app/market/5229
2409,Initiate's Grinding Wheel,O'fae Ursine,10031,1,2024-06-17T00:07:43.000Z,https://universalis.app/market/2409
2411,Siltstone Grinding Wheel,Radar O'reilly,15000,1,2024-06-09T22:40:07.000Z,https://universalis.app/market/2411
5231,Siltstone,Thelanicus Revarion,5000,99,2024-06-23T00:57:32.000Z,https://universalis.app/market/5231
2413,Garnet Grinding Wheel,Aya Nailo,40000,1,2024-06-10T13:10:27.000Z,https://universalis.app/market/2413
5134,Raw Garnet,Dorian Emers,1000,7,2024-06-21T14:07:25.000Z,https://universalis.app/market/5134
2414,Basilisk Grinding Wheel,Mai Waifu,57000,1,2024-06-26T05:08:36.000Z,https://universalis.app/market/2414
5263,Basilisk Egg,Spugnor Moonbeam,904,6,2024-06-10T23:50:21.000Z,https://universalis.app/market/5263
2415,Militia Grinding Wheel,Niayla Namaiki,15000,1,2024-06-24T15:47:12.000Z,https://universalis.app/market/2415
5158,Astral Rock,Conny Zelria,2200,2,2024-06-18T16:41:07.000Z,https://universalis.app/market/5158
2417,Bronze Head Knife,Iiconic Streams,15000,1,2024-06-22T04:02:52.000Z,https://universalis.app/market/2417
2418,Amateur's Head Knife,Fire Ashes,4000,1,2024-06-14T00:51:26.000Z,https://universalis.app/market/2418
2419,Brass Head Knife,Felix Abberderis,4500,1,2024-06-16T20:06:59.000Z,https://universalis.app/market/2419
2420,Initiate's Head Knife,Sasha Liel,11018,1,2024-06-18T19:39:19.000Z,https://universalis.app/market/2420
2421,Iron Round Knife,Amelia Day,9989,1,2024-06-19T07:31:05.000Z,https://universalis.app/market/2421
2422,Iron Head Knife,Gatsu Gremory,2999,1,2024-06-19T02:53:04.000Z,https://universalis.app/market/2422
2423,Silver Head Knife,Sizha Rain,2999,1,2024-06-08T01:02:16.000Z,https://universalis.app/market/2423
2424,Steel Round Knife,Col Palmeri,17999,1,2024-06-15T14:55:03.000Z,https://universalis.app/market/2424
2425,Mythril Head Knife,Scarlett Aemilia,12000,1,2024-06-21T08:35:56.000Z,https://universalis.app/market/2425
2426,Mythril Round Knife,Nom Hataru,18792,1,2024-06-20T12:56:47.000Z,https://universalis.app/market/2426
2427,Electrum Head Knife,Mio Aphelion,25000,1,2024-06-10T15:28:47.000Z,https://universalis.app/market/2427
2430,Amateur's Awl,Emi Anatol,900,1,2024-06-21T18:50:14.000Z,https://universalis.app/market/2430
2431,Bronze Awl,Nom Hataru,5000,1,2024-06-20T12:25:09.000Z,https://universalis.app/market/2431
2433,Iron Awl,Arya Heartsong,4000,1,2024-06-11T18:51:33.000Z,https://universalis.app/market/2433
2434,Initiate's Awl,Asha Carlion,500,1,2024-06-12T16:54:27.000Z,https://universalis.app/market/2434
2436,Steel Awl,Royal Blood,19999,1,2024-06-19T00:38:42.000Z,https://universalis.app/market/2436
2437,Wrapped Steel Awl,Arthurioux Alamenain,50065,1,2024-06-13T01:14:20.000Z,https://universalis.app/market/2437
2439,Mythril Awl,Ginger Uwu,38999,1,2024-06-17T21:31:54.000Z,https://universalis.app/market/2439
2440,Cobalt Awl,Serenity Stone,14000,1,2024-06-21T06:16:24.000Z,https://universalis.app/market/2440
2441,Militia Awl,Gatsu Gremory,35000,1,2024-06-19T03:36:37.000Z,https://universalis.app/market/2441
2443,Copper Needle,Felix Abberderis,1695,1,2024-06-13T02:53:39.000Z,https://universalis.app/market/2443
2444,Bat Fang Needle,Lily Kay,5000,1,2024-06-12T02:13:27.000Z,https://universalis.app/market/2444
2445,Amateur's Needle,Zmega Galvus,1000,1,2024-06-14T14:56:27.000Z,https://universalis.app/market/2445
2446,Brass Needle,Ruby Silksong,10019,1,2024-06-17T03:29:19.000Z,https://universalis.app/market/2446
2447,Initiate's Needle,Ameline Vendhen,74999,1,2024-06-11T10:52:44.000Z,https://universalis.app/market/2447
2448,Silver Needle,Valeria Richards,10000,1,2024-06-10T23:50:22.000Z,https://universalis.app/market/2448
2449,Worm Fang Needle,Yinyinji Yinji,11000,1,2024-06-18T20:33:22.000Z,https://universalis.app/market/2449
5447,Sandworm Fang,Thelanicus Revarion,500,99,2024-06-23T01:38:21.000Z,https://universalis.app/market/5447
2450,Mythril Needle,Yukino Sakimuri,10000,1,2024-06-09T06:45:59.000Z,https://universalis.app/market/2450
2451,Wolf Fang Needle,Y'dyalani Aba,14900,1,2024-06-06T07:22:13.000Z,https://universalis.app/market/2451
2452,Thousand Needle,Col Palmeri,15000,1,2024-06-15T15:01:16.000Z,https://universalis.app/market/2452
5468,Cactuar Needle,Eliyas Krone,5000,1,2024-06-17T01:39:45.000Z,https://universalis.app/market/5468
2453,Electrum Needle,Liz Zerd,25000,1,2024-06-10T18:39:08.000Z,https://universalis.app/market/2453
2456,Amateur's Spinning Wheel,Felix Abberderis,3111,1,2024-06-14T01:48:46.000Z,https://universalis.app/market/2456
2457,Ash Spinning Wheel,Felix Abberderis,509,1,2024-06-19T01:46:22.000Z,https://universalis.app/market/2457
2459,Initiate's Spinning Wheel,Booger Eater,5000,1,2024-06-09T00:02:28.000Z,https://universalis.app/market/2459
2460,Elm Spinning Wheel,Valeria Richards,10026,1,2024-06-10T23:50:27.000Z,https://universalis.app/market/2460
2462,Walnut Spinning Wheel,Lemyon Aran,24560,1,2024-06-10T09:49:06.000Z,https://universalis.app/market/2462
2464,Mahogany Spinning Wheel,Mai Waifu,30081,1,2024-06-23T17:33:43.000Z,https://universalis.app/market/2464
2465,Rosewood Spinning Wheel,Glen Kaeru,20000,1,2024-06-14T08:48:35.000Z,https://universalis.app/market/2465
2466,Militia Spinning Wheel,Akemi Suzuki,27130,1,2024-06-09T03:05:43.000Z,https://universalis.app/market/2466
2468,Bronze Alembic,Catboy Bottoms,99999,1,2024-06-12T06:15:10.000Z,https://universalis.app/market/2468
2469,Amateur's Alembic,Ryker Biscuitway,1000,1,2024-06-12T03:26:53.000Z,https://universalis.app/market/2469
2470,Brass Alembic,Asha Carlion,4895,1,2024-06-10T12:20:42.000Z,https://universalis.app/market/2470
2471,Initiate's Alembic,Cherbi Kahkol,10018,1,2024-06-10T14:42:17.000Z,https://universalis.app/market/2471
2472,Iron Alembic,O'fae Ursine,8000,1,2024-06-17T06:29:13.000Z,https://universalis.app/market/2472
2473,Conical Alembic,Ralcesh Vo'rei,9000,1,2024-06-09T00:30:45.000Z,https://universalis.app/market/2473
2474,Steel Alembic,Yinyinji Yinji,7000,1,2024-06-13T21:40:27.000Z,https://universalis.app/market/2474
2475,Silver Alembic,Nagi Raha,10000,1,2024-06-14T18:17:54.000Z,https://universalis.app/market/2475
2476,Mythril Alembic,Towering Sapphire,33500,1,2024-06-17T20:27:20.000Z,https://universalis.app/market/2476
2477,Electrum Alembic,Col Palmeri,40000,1,2024-06-15T15:01:42.000Z,https://universalis.app/market/2477
2478,Thermal Alembic,Mio Aphelion,29999,1,2024-06-10T15:28:59.000Z,https://universalis.app/market/2478
2481,Amateur's Mortar,Emi Anatol,2000,1,2024-06-20T00:43:27.000Z,https://universalis.app/market/2481
2482,Bronze Mortar,O'niin Ahd,3995,1,2024-06-10T03:58:13.000Z,https://universalis.app/market/2482
2484,Iron Mortar,Cherbi Kahkol,10019,1,2024-06-10T14:42:20.000Z,https://universalis.app/market/2484
2485,Initiate's Mortar,Thicc Death'crit,7777,1,2024-06-10T21:46:25.000Z,https://universalis.app/market/2485
2487,Steel Mortar,Ginger Uwu,15000,1,2024-06-17T01:59:51.000Z,https://universalis.app/market/2487
2490,Mythril Mortar,Mystique Daesho,30092,1,2024-06-18T22:35:08.000Z,https://universalis.app/market/2490
2491,Cobalt Mortar,Kaeda Destrian,19500,1,2024-06-10T21:18:16.000Z,https://universalis.app/market/2491
2492,Militia Mortar,Corrupted Mrbiggs,49986,1,2024-06-09T20:23:25.000Z,https://universalis.app/market/2492
2494,Bronze Skillet,Iiconic Streams,9005,1,2024-06-20T00:19:46.000Z,https://universalis.app/market/2494
2495,Amateur's Skillet,Rhalia Steele,8000,1,2024-06-20T19:01:27.000Z,https://universalis.app/market/2495
2496,Iron Skillet,Gremiyun Gremiyun,5000,1,2024-06-08T13:59:58.000Z,https://universalis.app/market/2496
2497,Initiate's Skillet,Cherbi Kahkol,4995,1,2024-06-10T14:42:45.000Z,https://universalis.app/market/2497
2498,Iron Frypan,Orethir Bizerveron,20026,1,2024-06-17T14:26:34.000Z,https://universalis.app/market/2498
2499,Bomb Frypan,Minou Pascontent,15000,1,2024-06-10T20:20:53.000Z,https://universalis.app/market/2499
5528,Bomb Ash,Thika Tias,5000000,1,2024-06-09T05:34:19.000Z,https://universalis.app/market/5528
2500,Steel Skillet,Valeria Richards,3999,1,2024-06-16T03:02:19.000Z,https://universalis.app/market/2500
2501,White Skillet,Mana Dejiki,7500,1,2024-06-21T19:01:18.000Z,https://universalis.app/market/2501
2502,Steel Frypan,Nuala Teshurr,60000,1,2024-06-23T22:48:13.000Z,https://universalis.app/market/2502
2503,Cobalt Skillet,Jragonis Arcanon,20000,1,2024-06-15T16:44:48.000Z,https://universalis.app/market/2503
2504,Hells' Kitchen,Aya Nailo,47000,1,2024-06-10T13:04:52.000Z,https://universalis.app/market/2504
2507,Amateur's Culinary Knife,Catboy Bottoms,5000,1,2024-06-12T06:14:58.000Z,https://universalis.app/market/2507
2508,Bronze Culinary Knife,O'niin Ahd,8800,1,2024-06-10T03:56:50.000Z,https://universalis.app/market/2508
2510,Iron Culinary Knife,Rhoe Moya,10019,1,2024-06-15T18:08:13.000Z,https://universalis.app/market/2510
2511,Initiate's Culinary Knife,Valeria Richards,7000,1,2024-06-10T18:30:09.000Z,https://universalis.app/market/2511
2513,Steel Culinary Knife,Dante Dragon'sbane,35999,1,2024-06-13T23:42:21.000Z,https://universalis.app/market/2513
2514,Wrapped Steel Culinary Knife,Stabby Sticc,250,1,2024-06-20T01:06:51.000Z,https://universalis.app/market/2514
2516,Mythril Culinary Knife,Helloda Shiryu,39996,1,2024-06-20T02:05:10.000Z,https://universalis.app/market/2516
2517,Cobalt Culinary Knife,Leon Aurelius,47000,1,2024-06-06T20:52:35.000Z,https://universalis.app/market/2517
2518,Militia Culinary Knife,Aya Nailo,49984,1,2024-06-10T13:04:18.000Z,https://universalis.app/market/2518
2520,Bronze Pickaxe,Alise Ku-yunaris,2495,1,2024-06-23T20:06:05.000Z,https://universalis.app/market/2520
2521,Amateur's Pickaxe,Rosa Inthepark,4195,1,2024-06-15T22:15:32.000Z,https://universalis.app/market/2521
2522,Plumed Bronze Pickaxe,Kshatra Vairya,9995,1,2024-06-14T02:04:18.000Z,https://universalis.app/market/2522
2523,Iron Pickaxe,Neffie Games,7000,1,2024-06-23T22:21:59.000Z,https://universalis.app/market/2523
2524,Initiate's Pickaxe,Eisen Joyce,2024,1,2024-06-18T01:31:15.000Z,https://universalis.app/market/2524
2525,Iron Dolabra,Tooshort Imus,15000,1,2024-06-11T18:52:23.000Z,https://universalis.app/market/2525
2526,Steel Pickaxe,Noralia Eien,19989,1,2024-06-19T23:21:36.000Z,https://universalis.app/market/2526
2527,Steel Dolabra,Zee Roe,14998,1,2024-06-23T20:32:32.000Z,https://universalis.app/market/2527
2528,Plumed Mythril Pickaxe,Col Palmeri,24999,1,2024-06-15T03:08:19.000Z,https://universalis.app/market/2528
5327,Undyed Linen,Kei Dja-rhoji,2800,30,2024-06-14T22:23:41.000Z,https://universalis.app/market/5327
2529,Cobalt Dolabra,Col Palmeri,40000,1,2024-06-15T14:58:40.000Z,https://universalis.app/market/2529
2530,Egret Dolabra,Tiamat Dragonhart,60000,1,2024-06-15T06:27:13.000Z,https://universalis.app/market/2530
2534,Bronze Sledgehammer,Mikile Sheperd,25000,1,2024-06-23T15:34:54.000Z,https://universalis.app/market/2534
2536,Initiate's Sledgehammer,Shiro Two,9000,1,2024-06-07T00:56:02.000Z,https://universalis.app/market/2536
2537,Iron Sledgehammer,Amenie Gamma,5025,1,2024-06-07T04:49:36.000Z,https://universalis.app/market/2537
2539,Steel Sledgehammer,Sephiroths Bussy,20000,1,2024-06-20T20:29:49.000Z,https://universalis.app/market/2539
2540,Wrapped Steel Sledgehammer,Omega Everfrost,39000,1,2024-06-17T00:03:04.000Z,https://universalis.app/market/2540
2542,Mythril Sledgehammer,Col Palmeri,34999,1,2024-06-15T14:58:48.000Z,https://universalis.app/market/2542
2543,Cobalt Sledgehammer,Nienna Nuri,50000,1,2024-06-07T05:10:48.000Z,https://universalis.app/market/2543
2544,Militia Sledgehammer,Limit Farron,10130,1,2024-06-06T04:42:09.000Z,https://universalis.app/market/2544
2546,Bronze Hatchet,Kiera Darkborn,25000,1,2024-06-18T01:14:44.000Z,https://universalis.app/market/2546
2547,Amateur's Hatchet,Sir Shadycat,4000,1,2024-06-06T03:50:59.000Z,https://universalis.app/market/2547
2548,Iron Hatchet,The Summoning,9995,1,2024-06-15T20:58:01.000Z,https://universalis.app/market/2548
2549,Initiate's Hatchet,Catboy Bottoms,14991,1,2024-06-21T22:56:21.000Z,https://universalis.app/market/2549
2550,Brass Hatchet,Godric Grey,8000,1,2024-06-22T01:47:09.000Z,https://universalis.app/market/2550
2551,Plumed Iron Hatchet,Starfire Stone,55555,1,2024-06-20T04:43:39.000Z,https://universalis.app/market/2551
5359,Chocobo Feather,Bagaridai Borlaaqe,2000,8,2024-06-07T00:48:01.000Z,https://universalis.app/market/5359
2552,Steel Hatchet,Blix Densetsu,3353,1,2024-06-08T14:22:39.000Z,https://universalis.app/market/2552
2553,Plumed Steel Hatchet,Laural Vinson,3999,1,2024-06-17T01:09:59.000Z,https://universalis.app/market/2553
2554,Mythril Hatchet,Nathaniel Branford,40067,1,2024-06-14T21:09:05.000Z,https://universalis.app/market/2554
2555,Cobalt Hatchet,Yinyinji Yinji,30000,1,2024-06-15T08:11:35.000Z,https://universalis.app/market/2555
2556,Horned Hatchet,Averya Artelle,20001,1,2024-06-21T09:08:17.000Z,https://universalis.app/market/2556
2560,Bronze Scythe,Blissful Eon,11995,1,2024-06-22T17:55:28.000Z,https://universalis.app/market/2560
2562,Iron Scythe,Jaevira Rain'fyr,25019,1,2024-06-22T07:01:35.000Z,https://universalis.app/market/2562
2563,Initiate's Scythe,Looch Six,3000,1,2024-06-14T20:23:16.000Z,https://universalis.app/market/2563
2565,Steel Scythe,Kurama Luxen,5053,1,2024-06-12T22:25:05.000Z,https://universalis.app/market/2565
2566,Wrapped Steel Scythe,Rhaya Vorai,12000,1,2024-06-18T22:17:18.000Z,https://universalis.app/market/2566
2568,Mythril Scythe,Y'dyalani Aba,35000,1,2024-06-06T07:31:12.000Z,https://universalis.app/market/2568
2569,Cobalt Scythe,Zacharai Kondijn,50000,1,2024-06-09T20:36:13.000Z,https://universalis.app/market/2569
2570,Militia Scythe,Biggy Smolz,14000,1,2024-06-19T14:43:39.000Z,https://universalis.app/market/2570
2572,Maple Fishing Rod,Iiconic Streams,2000,1,2024-06-22T00:46:07.000Z,https://universalis.app/market/2572
2573,Amateur's Fishing Rod,Isuka Hiyori,295,1,2024-06-09T00:38:04.000Z,https://universalis.app/market/2573
2574,Elm Fishing Rod,Helba Ahieress,20000,1,2024-06-18T02:07:43.000Z,https://universalis.app/market/2574
2575,Initiate's Fishing Rod,Akasha Purrana,5019,1,2024-06-10T14:35:52.000Z,https://universalis.app/market/2575
2576,Yew Fishing Rod,Bottom Bunny,40000,1,2024-06-10T17:50:45.000Z,https://universalis.app/market/2576
2577,Staghorn Fishing Rod,Midnight Dream,10000,1,2024-06-20T03:50:28.000Z,https://universalis.app/market/2577
2578,Walnut Fishing Rod,Victor Balteez,60057,1,2024-06-11T00:56:01.000Z,https://universalis.app/market/2578
2579,Horn Fishing Rod,Yari Zuko,8989,1,2024-06-24T20:31:50.000Z,https://universalis.app/market/2579
2580,Mahogany Fishing Rod,Rorobin Fishy,6000,1,2024-06-20T16:51:10.000Z,https://universalis.app/market/2580
2581,Rosewood Fishing Rod,Zarel Haragin,20000,1,2024-06-07T01:56:22.000Z,https://universalis.app/market/2581
2582,Gilded Rosewood Fishing Rod,Lady Rebecca,55000,1,2024-06-08T04:14:35.000Z,https://universalis.app/market/2582
2588,Crayfish Ball,Finn Luscinia,30,99,2024-06-24T21:16:12.000Z,https://universalis.app/market/2588
4825,Rye Flour,Nonona Nona,200,99,2024-06-09T05:28:37.000Z,https://universalis.app/market/4825
4925,Crayfish,Emi Anatol,299,9,2024-06-11T00:42:46.000Z,https://universalis.app/market/4925
2589,Goby Ball,Lily Nightingale,50,18,2024-06-06T23:33:50.000Z,https://universalis.app/market/2589
4931,Dusk Goby,Good Bye,141,1,2024-06-07T05:57:18.000Z,https://universalis.app/market/4931
2593,Crab Ball,Leletoca Bebetoca,50,99,2024-06-10T17:11:22.000Z,https://universalis.app/market/2593
4880,Helmet Crab,Antares Telamon,4000,1,2024-06-14T15:16:03.000Z,https://universalis.app/market/4880
2595,Bass Ball,Bokusatsu Tenshi,33,99,2024-06-09T06:44:59.000Z,https://universalis.app/market/2595
4826,Sunset Wheat Flour,Isabella Arianesse,2121,25,2024-06-14T22:49:03.000Z,https://universalis.app/market/4826
4959,Dark Bass,Hershey Violet,1449,1,2024-06-13T09:10:31.000Z,https://universalis.app/market/4959
2598,Herring Ball,Thaddaios Evvalt,125,50,2024-06-09T19:25:39.000Z,https://universalis.app/market/2598
4895,Indigo Herring,Galateia Starstrider,2001,2,2024-06-09T19:06:15.000Z,https://universalis.app/market/4895
2610,Chocobo Fly,Fenlin Marr,174,3,2024-06-24T07:22:10.000Z,https://universalis.app/market/2610
2611,Floating Minnow,Hilda Fire-emblem,760,3,2024-06-24T07:40:50.000Z,https://universalis.app/market/2611
2612,Brass Spoon Lure,Sabriel Morningstar,704,10,2024-06-06T23:08:19.000Z,https://universalis.app/market/2612
2614,Crow Fly,Thaddaios Evvalt,700,99,2024-06-08T18:30:24.000Z,https://universalis.app/market/2614
2615,Silver Spoon Lure,Onionhead Jenkins,25,5,2024-06-11T00:49:00.000Z,https://universalis.app/market/2615
2616,Steel Jig,Onionhead Jenkins,69,49,2024-06-11T00:49:10.000Z,https://universalis.app/market/2616
2617,Sinking Minnow,Daria Durami,3899,2,2024-06-08T18:59:17.000Z,https://universalis.app/market/2617
2618,Snurble Fly,Punk Trashbandit,2995,5,2024-06-10T01:42:07.000Z,https://universalis.app/market/2618
5349,Snurble Tufts,Scoobus Big-ears,1000,5,2024-06-24T18:44:40.000Z,https://universalis.app/market/5349
2619,Heavy Steel Jig,Parker Rallins,3000,5,2024-06-10T03:03:47.000Z,https://universalis.app/market/2619
2620,Spinner,Killer Gift,3995,5,2024-06-06T12:23:00.000Z,https://universalis.app/market/2620
4900,Whitelip Oyster,Keiko Satomi,2500,5,2024-06-16T03:52:00.000Z,https://universalis.app/market/4900
2622,Mythril Spoon Lure,Fake Bun,399,6,2024-06-08T16:37:05.000Z,https://universalis.app/market/2622
2623,Wildfowl Fly,Jasper James,651,9,2024-06-11T16:15:41.000Z,https://universalis.app/market/2623
2624,Topwater Frog,Spooky Crow,3369,3,2024-06-14T10:14:28.000Z,https://universalis.app/market/2624
2625,Rainbow Spoon Lure,Parker Rallins,5000,5,2024-06-10T03:04:26.000Z,https://universalis.app/market/2625
5466,Blacklip Oyster,Mogsy Rose,7000,4,2024-06-12T05:53:22.000Z,https://universalis.app/market/5466
2626,Spinnerbait,Althea Eywa,4000,5,2024-06-14T01:25:05.000Z,https://universalis.app/market/2626
5329,Undyed Felt,Doomstove Kitchenfire,7500,1,2024-06-06T18:25:30.000Z,https://universalis.app/market/5329
2627,Streamer,Zira Zira,1960,5,2024-06-08T08:06:33.000Z,https://universalis.app/market/2627
2628,Yumizuno,Lulu Aquaria,4000,5,2024-06-10T22:24:58.000Z,https://universalis.app/market/2628
2629,Hempen Coif,Ariana Carpenter,6000000,1,2024-06-20T02:48:16.000Z,https://universalis.app/market/2629
2630,Hempen Coif of Gathering,Darling Nikki,5000,1,2024-06-08T13:38:42.000Z,https://universalis.app/market/2630
2631,Leather Calot,Siren Stash,229830291,1,2024-06-09T00:20:27.000Z,https://universalis.app/market/2631
12590,Ramie Cloth,Sunshine Lotus,30000,1,2024-06-23T02:43:57.000Z,https://universalis.app/market/12590
12595,Ramie Thread,Arthur Laguz,5001,3,2024-06-06T03:38:59.000Z,https://universalis.app/market/12595
2652,Hempen Bandana,Kina Kha,20000000,1,2024-06-09T04:19:01.000Z,https://universalis.app/market/2652
2653,Leather Eyepatch,Crathos Dragoon,20000000,1,2024-06-24T17:22:55.000Z,https://universalis.app/market/2653
2654,Hard Leather Pot Helm,Auvrea Ame,300,1,2024-06-25T15:43:09.000Z,https://universalis.app/market/2654
2655,Hempen Hat,Lanog Twenty,69420,1,2024-06-16T19:26:53.000Z,https://universalis.app/market/2655
2656,Bronze Chain Coif,Mango Chan,21000000,1,2024-06-06T04:49:54.000Z,https://universalis.app/market/2656
5081,Bronze Rings,Mugen Rokujizo,300,10,2024-06-08T18:29:31.000Z,https://universalis.app/market/5081
2658,Straw Hat,Cloudy Vibes,14000,1,2024-06-07T09:25:30.000Z,https://universalis.app/market/2658
5342,Straw,Kanin Mahyz,1000,1,2024-06-15T01:15:47.000Z,https://universalis.app/market/5342
2660,Amateur's Headgear,Deii Dei,5000,1,2024-06-16T06:53:23.000Z,https://universalis.app/market/2660
2661,Amateur's Hempen Coif,Ruby Silksong,15000,1,2024-06-20T20:45:03.000Z,https://universalis.app/market/2661
2662,Bronze Sallet,Rhazorex Highwind,18970,1,2024-06-13T23:41:47.000Z,https://universalis.app/market/2662
2663,Stablemaid's Hat,Rhoe Moya,19995,1,2024-06-13T01:29:47.000Z,https://universalis.app/market/2663
5540,Carnation,Asami Kohaku,71,99,2024-06-24T04:35:48.000Z,https://universalis.app/market/5540
2664,Bronze Barbut,Foot Longblade,10000,1,2024-06-07T17:10:45.000Z,https://universalis.app/market/2664
2665,Cotton Turban,Fire Ashes,45000,1,2024-06-14T00:52:16.000Z,https://universalis.app/market/2665
2666,Stablehand's Hat,Frost Zion,25000,1,2024-06-25T16:52:51.000Z,https://universalis.app/market/2666
2668,Brass Spectacles,Alcesh Delnapes,29995,1,2024-06-24T20:05:59.000Z,https://universalis.app/market/2668
5512,Clear Glass Lens,Dorian Emers,1173,3,2024-06-12T16:15:53.000Z,https://universalis.app/market/5512
2669,Hard Leather Eyepatch,Atlanna Love,494,1,2024-06-13T17:58:48.000Z,https://universalis.app/market/2669
2670,Cotton Scarf,Srinshee Wynd,44444,1,2024-06-08T05:16:24.000Z,https://universalis.app/market/2670
2672,Hard Leather Skullcap,Liz Zerd,15000,1,2024-06-09T00:32:01.000Z,https://universalis.app/market/2672
2673,Bronze Celata,Foot Longblade,900,1,2024-06-07T17:11:05.000Z,https://universalis.app/market/2673
2675,Ash Mask,Adan'ir Otieno,4007,1,2024-06-21T22:15:58.000Z,https://universalis.app/market/2675
2677,Hunting Hat,Othello Sanchez,3011,1,2024-06-06T02:06:22.000Z,https://universalis.app/market/2677
2680,Decorated Bronze Barbut,Sam Dickey,20000,1,2024-06-06T22:04:41.000Z,https://universalis.app/market/2680
2685,Brass Circlet (Sunstone),Stam Ina,2000000,1,2024-06-13T20:27:36.000Z,https://universalis.app/market/2685
5169,Sunstone,Scarlet Everfire,70,15,2024-06-09T17:14:00.000Z,https://universalis.app/market/5169
2687,Brass Circlet (Danburite),Princess Beautiful,4001,1,2024-06-06T19:16:50.000Z,https://universalis.app/market/2687
5170,Danburite,Ace Wildfire,150,2,2024-06-10T00:56:17.000Z,https://universalis.app/market/5170
2689,Brass Circlet (Malachite),Y'sayle Iceheart,5550,1,2024-06-14T06:01:54.000Z,https://universalis.app/market/2689
5171,Malachite,Zoro Hawkeye,1000,1,2024-06-07T17:36:00.000Z,https://universalis.app/market/5171
2691,Brass Circlet (Sphene),Melrit Brave,2495,1,2024-06-14T21:31:09.000Z,https://universalis.app/market/2691
5172,Sphene,Lemyon Aran,1000,1,2024-06-22T17:33:44.000Z,https://universalis.app/market/5172
2693,Brass Circlet (Fluorite),Thika Tias,10000000,1,2024-06-09T19:43:48.000Z,https://universalis.app/market/2693
5173,Fluorite,Ichigo Higanbana,99,21,2024-06-06T01:54:02.000Z,https://universalis.app/market/5173
2695,Brass Circlet (Lapis Lazuli),Liz Zombie,297,1,2024-06-21T23:43:46.000Z,https://universalis.app/market/2695
5174,Lapis Lazuli,Arumath Purpledoom,1000,1,2024-06-06T01:58:24.000Z,https://universalis.app/market/5174
2697,Goatskin Pot Helm,Lily Kay,14994,1,2024-06-13T01:03:11.000Z,https://universalis.app/market/2697
2699,Cotton Coif,Yinyinji Yinji,9000,1,2024-06-08T21:13:46.000Z,https://universalis.app/market/2699
2700,Cotton Coif of Gathering,Isuka Hiyori,35010,1,2024-06-08T23:50:30.000Z,https://universalis.app/market/2700
2703,Ash Mask (Lapis Lazuli),Anri Hastur,35000000,1,2024-06-24T22:10:02.000Z,https://universalis.app/market/2703
2708,Iron Sallet,Francis J'radn'ads,9000,1,2024-06-17T03:59:21.000Z,https://universalis.app/market/2708
2710,Goatskin Eyepatch,Raiden Soju,6500,1,2024-06-16T03:05:21.000Z,https://universalis.app/market/2710
2712,Iron Celata,O'fae Ursine,7010,1,2024-06-17T06:30:27.000Z,https://universalis.app/market/2712
5082,Iron Rings,Silent Melodies,1750,1,2024-06-21T12:05:50.000Z,https://universalis.app/market/5082
2714,Initiate's Headgear,Thundrr Thighs,25999,1,2024-06-06T04:40:19.000Z,https://universalis.app/market/2714
2719,Cotton Sugarloaf Hat,My Player,35000,1,2024-06-21T00:09:45.000Z,https://universalis.app/market/2719
2723,Iron Elmo,Eranthiel Vakluun,7915,1,2024-06-07T09:25:40.000Z,https://universalis.app/market/2723
2725,Reinforced Iron Sallet,Sunny Deeznuts,14999,1,2024-06-10T19:36:05.000Z,https://universalis.app/market/2725
2727,Velveteen Bandana,Orethir Bizerveron,35015,1,2024-06-17T14:27:22.000Z,https://universalis.app/market/2727
2728,Silver Spectacles,Xauna Gamduhla,99995,1,2024-06-23T16:44:16.000Z,https://universalis.app/market/2728
2729,Velveteen Turban,Aharon Zivakiro,30000,1,2024-06-13T08:37:44.000Z,https://universalis.app/market/2729
2731,Silver Magnifiers,Asha Carlion,25000,1,2024-06-11T20:25:43.000Z,https://universalis.app/market/2731
2733,Velveteen Wedge Cap of Crafting,Itachi Pain,29921,1,2024-06-16T23:30:57.000Z,https://universalis.app/market/2733
2734,Velveteen Wedge Cap of Gathering,Sir Gardy,7520,1,2024-06-19T04:37:39.000Z,https://universalis.app/market/2734
2735,Silver Circlet (Garnet),Silent Melodies,55555,1,2024-06-18T12:31:52.000Z,https://universalis.app/market/2735
5175,Garnet,Mystic Mcnugget,90,2,2024-06-22T21:17:50.000Z,https://universalis.app/market/5175
2737,Silver Circlet (Goshenite),Nananana Batman,15024,1,2024-06-22T20:57:46.000Z,https://universalis.app/market/2737
5176,Goshenite,Bethov Thy,1000,1,2024-06-16T02:51:14.000Z,https://universalis.app/market/5176
2739,Silver Circlet (Peridot),Puna'nae Bom'bae,30000,1,2024-06-19T05:38:17.000Z,https://universalis.app/market/2739
5177,Peridot,Khoai Tay,445,2,2024-06-22T16:34:56.000Z,https://universalis.app/market/5177
2741,Silver Circlet (Heliodor),Elriza Dragonforce,20000,1,2024-06-18T03:46:19.000Z,https://universalis.app/market/2741
5178,Heliodor,Jack Beistand,500,2,2024-06-16T21:01:21.000Z,https://universalis.app/market/5178
2743,Silver Circlet (Amethyst),Grand Moff-puppeteer,30000,1,2024-06-19T10:04:30.000Z,https://universalis.app/market/2743
5179,Amethyst,Khoai Tay,150,1,2024-06-22T22:20:14.000Z,https://universalis.app/market/5179
2745,Silver Circlet (Aquamarine),Elyse Starsong,16850,1,2024-06-24T07:03:52.000Z,https://universalis.app/market/2745
5180,Aquamarine,Avory Bernkastel,2002,2,2024-06-06T08:41:19.000Z,https://universalis.app/market/5180
2750,Velveteen Beret,Dukino Lunam,40025,1,2024-06-09T20:50:48.000Z,https://universalis.app/market/2750
5343,Cotton Boll,Lanaya Salkhi,798,4,2024-06-15T06:05:09.000Z,https://universalis.app/market/5343
5355,Dodo Feather,Solomon Ravengarde,5000,1,2024-06-07T06:06:28.000Z,https://universalis.app/market/5355
2753,Steel Sallet,Leona Rook,49999,1,2024-06-21T04:05:09.000Z,https://universalis.app/market/2753
2755,Steel Celata,Mr Scrubs,15000,1,2024-06-08T00:33:01.000Z,https://universalis.app/market/2755
2757,Vintage Celata,Robbit Mayne,44999,1,2024-06-15T02:28:45.000Z,https://universalis.app/market/2757
2667,Dented Celata,Nyx Rune,1000,1,2024-06-06T18:22:57.000Z,https://universalis.app/market/2667
2758,Steel Goggles,Reeses Peices,45000,1,2024-06-10T03:33:37.000Z,https://universalis.app/market/2758
2763,Velveteen Sugarloaf Hat,Soketsu Tempest,33000,1,2024-06-10T13:33:40.000Z,https://universalis.app/market/2763
2765,Steel Elmo,Bun Tsukino,10031,1,2024-06-21T23:15:02.000Z,https://universalis.app/market/2765
2767,Skull Eyepatch,Sylvi Angelis,39990,1,2024-06-20T05:06:04.000Z,https://universalis.app/market/2767
2769,Mythril Magnifiers,Auria Moondragon,20031,1,2024-06-13T03:52:34.000Z,https://universalis.app/market/2769
2774,Mythril Spectacles,Lavinia Reni,403800000,1,2024-06-22T14:56:20.000Z,https://universalis.app/market/2774
2776,Linen Turban,Cam Ashdal,20000000,1,2024-06-08T21:57:51.000Z,https://universalis.app/market/2776
2778,Angler's Hat,Kai Gestalt,45000,1,2024-06-06T14:25:01.000Z,https://universalis.app/market/2778
2779,Linen Hat,Kai Gestalt,35000,1,2024-06-06T14:23:03.000Z,https://universalis.app/market/2779
2785,Vintage Chef's Hat,Oni Turtle,55000,1,2024-06-19T21:25:06.000Z,https://universalis.app/market/2785
2657,Ripped Chef's Hat,Mayzie Stormstout,10000,1,2024-06-21T17:15:09.000Z,https://universalis.app/market/2657
2786,Steel Barbut,Otis Gwtv,29999,1,2024-06-16T15:53:50.000Z,https://universalis.app/market/2786
2788,Boarskin Pot Helm,Eley White,30000,1,2024-06-18T00:52:18.000Z,https://universalis.app/market/2788
2790,Mythril Circlet (Rubellite),Vonosten Asuka,50000,1,2024-06-18T01:55:40.000Z,https://universalis.app/market/2790
5181,Rubellite,Mary Iyaa,749,1,2024-06-15T23:01:24.000Z,https://universalis.app/market/5181
2792,Mythril Circlet (Zircon),Afelineda Hugandkiss,49991,1,2024-06-07T10:35:52.000Z,https://universalis.app/market/2792
5182,Zircon,Sir Crouts,800,1,2024-06-16T02:27:12.000Z,https://universalis.app/market/5182
2794,Mythril Circlet (Tourmaline),Nai-robii Jade,10000,1,2024-06-20T14:01:05.000Z,https://universalis.app/market/2794
2796,Mythril Circlet (Amber),Lara Croft',10000,1,2024-06-19T03:52:56.000Z,https://universalis.app/market/2796
5184,Amber,Amalit Owo,990,1,2024-06-16T07:55:37.000Z,https://universalis.app/market/5184
2798,Mythril Circlet (Spinel),Highlord Rhys,28995,1,2024-06-19T22:18:05.000Z,https://universalis.app/market/2798
5185,Spinel,Kaine' Nier,2000,5,2024-06-16T08:16:23.000Z,https://universalis.app/market/5185
2800,Mythril Circlet (Turquoise),Eley White,5000,1,2024-06-21T21:14:51.000Z,https://universalis.app/market/2800
5186,Turquoise,Ziggy Yiji,495,55,2024-06-07T02:41:46.000Z,https://universalis.app/market/5186
2802,Mythril Elmo,Aina Mihata,39800,1,2024-06-08T20:37:40.000Z,https://universalis.app/market/2802
2804,Linen Wedge Cap of Crafting,Karl Sagen,7000,1,2024-06-06T04:46:57.000Z,https://universalis.app/market/2804
2805,Linen Wedge Cap of Gathering,Ruu Viirst,7000,1,2024-06-07T02:08:33.000Z,https://universalis.app/market/2805
2806,Woolen Coif,Hope Ronuya,15000,1,2024-06-10T19:42:25.000Z,https://universalis.app/market/2806
5328,Undyed Woolen Cloth,Voronwe Nairel,5000,2,2024-06-11T14:40:36.000Z,https://universalis.app/market/5328
2808,Woolen Coif of Gathering,Slickstoner Angel,50041,1,2024-06-24T09:31:38.000Z,https://universalis.app/market/2808
2810,Woolen Turban,K'oto Sturm,6000,1,2024-06-14T21:26:38.000Z,https://universalis.app/market/2810
2812,Mythril Celata,Arkhaeus Blackstone,10001,1,2024-06-20T09:09:35.000Z,https://universalis.app/market/2812
5089,Mythril Rings,Kaiden Khan,2500,1,2024-06-17T05:29:18.000Z,https://universalis.app/market/5089
2814,Woolen Hat,Grand Moff-puppeteer,65000,1,2024-06-18T02:09:23.000Z,https://universalis.app/market/2814
2816,Linen Deerstalker,Thundrr Thighs,30000,1,2024-06-06T07:31:50.000Z,https://universalis.app/market/2816
2817,Mythril Barbut,Asahr Beoulve,9500,1,2024-06-10T23:10:35.000Z,https://universalis.app/market/2817
2819,Mythril Mesail,Ginger Uwu,40049,1,2024-06-20T03:21:01.000Z,https://universalis.app/market/2819
2825,Ranger's Hat,Ahro'sae Yalrah,2000,1,2024-06-20T00:25:10.000Z,https://universalis.app/market/2825
2827,Mythril Chain Coif,Bim Danglefield,24000,1,2024-06-23T22:18:00.000Z,https://universalis.app/market/2827
2829,Woolen Beret,Silverback Zaz,55051,1,2024-06-20T06:01:48.000Z,https://universalis.app/market/2829
5348,Apkallu Down,Wren Filtiarn,1000,5,2024-06-25T00:46:25.000Z,https://universalis.app/market/5348
2830,Reinforced Mythril Elmo,Sathies Asamos,66666,1,2024-06-14T03:48:28.000Z,https://universalis.app/market/2830
2832,Woolen Cavalier's Hat,Princess Chocolatine,1684,1,2024-06-24T13:43:35.000Z,https://universalis.app/market/2832
2834,Cobalt Preserves,Tiamat Dragonhart,50000,1,2024-06-07T01:01:50.000Z,https://universalis.app/market/2834
2835,Felt Coif,Mygris Kyo,30000,1,2024-06-24T20:54:19.000Z,https://universalis.app/market/2835
2837,Felt Coif of Gathering,Draikon Munresa,19999,1,2024-06-10T02:27:25.000Z,https://universalis.app/market/2837
2850,Cobalt Elmo,Sir Karma,18000,1,2024-06-16T05:07:44.000Z,https://universalis.app/market/2850
2852,Felt Hat,Klia Churel,13000000,1,2024-06-19T10:13:47.000Z,https://universalis.app/market/2852
2854,Woolen Deerstalker,Jake Skye,35000,1,2024-06-11T09:27:38.000Z,https://universalis.app/market/2854
2855,Vintage Jester's Cap,Greef Groff,29999,1,2024-06-20T22:12:39.000Z,https://universalis.app/market/2855
2702,Moldering Jester's Cap,Nuveros Amicus,3350,1,2024-06-23T22:10:07.000Z,https://universalis.app/market/2702
2857,Electrum Monocle,Danzino Cyan,99999,1,2024-06-17T21:08:31.000Z,https://universalis.app/market/2857
5087,Brass Rings,Sapphic Uranian,300,4,2024-06-09T01:33:08.000Z,https://universalis.app/market/5087
2859,Cobalt Barbut,Silver Astralborn,25000,1,2024-06-14T17:16:48.000Z,https://universalis.app/market/2859
2861,Cobalt Mesail,Mana Dejiki,30001,1,2024-06-24T20:52:30.000Z,https://universalis.app/market/2861
2862,Raptorskin Pot Helm,Ish't Ara'ara,10000,1,2024-06-14T13:39:09.000Z,https://universalis.app/market/2862
2870,Electrum Circlet (Rubellite),Solomon Ravengarde,49039,1,2024-06-07T08:30:16.000Z,https://universalis.app/market/2870
2872,Electrum Circlet (Zircon),Sapphire Sil'feria,373178000,1,2024-06-23T04:56:51.000Z,https://universalis.app/market/2872
2874,Electrum Circlet (Tourmaline),Rean Shwarz,1898,1,2024-06-11T19:45:49.000Z,https://universalis.app/market/2874
2876,Electrum Circlet (Amber),Toji Taisho,44444,1,2024-06-11T18:51:26.000Z,https://universalis.app/market/2876
2878,Electrum Circlet (Spinel),Nawdie D'fun,44444,1,2024-06-08T21:07:31.000Z,https://universalis.app/market/2878
2880,Electrum Circlet (Turquoise),Nebuwu Misamo,1099,1,2024-06-15T01:08:19.000Z,https://universalis.app/market/2880
2882,Rainmaker's Hat,Zekken's Knight,27058,1,2024-06-15T07:34:31.000Z,https://universalis.app/market/2882
2884,Cobalt Chain Coif,Azami Kousen,5998,1,2024-06-06T20:44:07.000Z,https://universalis.app/market/2884
5084,Cobalt Rings,Lil Jaguar,1000,1,2024-06-07T20:41:03.000Z,https://universalis.app/market/5084
2886,Felt Beret,Addalyde Whiskers,25000,1,2024-06-15T20:31:17.000Z,https://universalis.app/market/2886
2888,Vintage Coif,Distortion Sinsinger,9000,1,2024-06-22T20:29:06.000Z,https://universalis.app/market/2888
2759,Torn Coif,Kunu Pepyopee,5000,1,2024-06-20T15:24:41.000Z,https://universalis.app/market/2759
2889,Cobalt Celata,Juniper Loch,1063,1,2024-06-08T22:50:11.000Z,https://universalis.app/market/2889
2891,Felt Cavalier's Hat,Jragonis Arcanon,35495,1,2024-06-15T16:45:09.000Z,https://universalis.app/market/2891
2893,Cobalt Sallet,Consulting Wizard,20000,1,2024-06-14T11:52:06.000Z,https://universalis.app/market/2893
2895,Patrician's Wedge Cap,Amy Scabbia,54065,1,2024-06-23T11:13:50.000Z,https://universalis.app/market/2895
2911,Militia Barbut,Ketenborn Lonwoerdsyn,8000,1,2024-06-23T11:08:25.000Z,https://universalis.app/market/2911
2912,Militia Armet,Camellia Mercer,2500,1,2024-06-10T14:46:31.000Z,https://universalis.app/market/2912
2913,Militia Hat,Zel Malachai,1900,1,2024-06-21T02:33:05.000Z,https://universalis.app/market/2913
2915,Silver Tricorne,Zena Limuria,9998,1,2024-06-22T19:06:12.000Z,https://universalis.app/market/2915
5287,Uraeus Leather,Avory Bernkastel,7000,1,2024-06-16T22:17:31.000Z,https://universalis.app/market/5287
2920,Carpenter's Hood,Asami Kohaku,4242,1,2024-06-17T03:24:05.000Z,https://universalis.app/market/2920
2921,Blacksmith's Goggles,Asami Kohaku,13799,1,2024-06-09T20:23:03.000Z,https://universalis.app/market/2921
2923,Goldsmith's Turban,Elseonne Song,995,1,2024-06-14T03:17:36.000Z,https://universalis.app/market/2923
2924,Leatherworker's Hat,Esthra Lasra,9995,1,2024-06-15T17:42:00.000Z,https://universalis.app/market/2924
2925,Weaver's Gibus,Tataru Taru,9850,1,2024-06-13T13:01:21.000Z,https://universalis.app/market/2925
2926,Alchemist's Monocle,Tiamat Dragonhart,22000,1,2024-06-07T01:42:55.000Z,https://universalis.app/market/2926
2927,Culinarian's Hat,Y'dyalani Aba,24900,1,2024-06-18T09:31:21.000Z,https://universalis.app/market/2927
2928,Hamlet Digger's Helmet,Thicc Juicy,30000,1,2024-06-19T13:37:39.000Z,https://universalis.app/market/2928
2929,Hamlet Cutter's Hat,Azem Greystone,40000,1,2024-06-18T00:21:09.000Z,https://universalis.app/market/2929
2930,Hamlet Puller's Hat,Hans Godfrey,23000,1,2024-06-15T01:06:52.000Z,https://universalis.app/market/2930
2932,Rose Gold Circlet,Mystery Nuggs,600,1,2024-06-14T15:06:57.000Z,https://universalis.app/market/2932
2931,Legionary Visor,Pearl Sil'feria,30340000,1,2024-06-21T02:28:21.000Z,https://universalis.app/market/2931
5067,Rose Gold Ingot,Severus Voldemort,1756,2,2024-06-13T00:10:46.000Z,https://universalis.app/market/5067
2934,Imperial Operative Hat,Zel Malachai,1494,1,2024-06-21T02:33:16.000Z,https://universalis.app/market/2934
2938,Gryphonskin Bandana,Reckless Rage,899,1,2024-06-09T16:37:13.000Z,https://universalis.app/market/2938
5289,Hard Hippogryph Leather,Boary Houlder,20000,13,2024-06-09T14:32:11.000Z,https://universalis.app/market/5289
2939,Gryphonskin Hat,Lekaka Leka,1500,1,2024-06-13T09:08:40.000Z,https://universalis.app/market/2939
2940,Darksteel Chain Coif,Mura Sanatori,2500,1,2024-06-09T21:40:24.000Z,https://universalis.app/market/2940
5085,Darksteel Rings,Rajko Akyrios,200,5,2024-06-09T05:33:50.000Z,https://universalis.app/market/5085
2941,Vanya Hat of Casting,Sir Bottly,8400,1,2024-06-24T06:34:57.000Z,https://universalis.app/market/2941
5577,Vanya Silk Hat Lining,Vexenn Noms,1181,1,2024-06-19T05:37:01.000Z,https://universalis.app/market/5577
2942,Vanya Hat of Healing,Tim Jenova,2500,1,2024-06-06T23:31:03.000Z,https://universalis.app/market/2942
2958,Hempen Dalmatica,Milyard Helstea,30000000,1,2024-06-25T20:52:52.000Z,https://universalis.app/market/2958
2959,Hempen Dalmatica of Gathering,Kazuto Riversong,50000000,1,2024-06-18T21:07:41.000Z,https://universalis.app/market/2959
2960,Hempen Tunic,Thika Tias,40000000,1,2024-06-09T00:51:57.000Z,https://universalis.app/market/2960
2961,Hempen Kurta,Stoic Oak,128000000,1,2024-06-12T01:49:51.000Z,https://universalis.app/market/2961
2993,Company Tabard,Esmeray Amada,1490000,1,2024-06-21T02:37:05.000Z,https://universalis.app/market/2993
2996,Hempen Undershirt,Bastosa Ford,8000,1,2024-06-07T18:41:17.000Z,https://universalis.app/market/2996
2997,Hempen Camise,Sophie Dacasta,10000,1,2024-06-21T02:48:40.000Z,https://universalis.app/market/2997
2999,Hempen Tabard,Rhazorex Highwind,14995,1,2024-06-12T17:37:55.000Z,https://universalis.app/market/2999
3000,Hempen Cowl,Sirius Bellatrix,40000000,1,2024-06-16T21:29:22.000Z,https://universalis.app/market/3000
3001,Hempen Shepherd's Tunic,Neffie Games,9975,1,2024-06-20T11:31:40.000Z,https://universalis.app/market/3001
3008,Hempen Acton,Aurora Kiri'shimaa,4975,1,2024-06-21T23:22:18.000Z,https://universalis.app/market/3008
5341,Moko Grass,Solomon Ravengarde,500,40,2024-06-07T05:06:01.000Z,https://universalis.app/market/5341
3010,Hempen Halfrobe,Saiyuki Richie,10000,1,2024-06-20T16:06:45.000Z,https://universalis.app/market/3010
3011,Bronze Haubergeon,Sleepy Dude,10000000,1,2024-06-16T18:34:33.000Z,https://universalis.app/market/3011
3013,Amateur's Doublet Vest,Neffie Games,20000,1,2024-06-20T21:02:36.000Z,https://universalis.app/market/3013
3014,Amateur's Kurta,Xaldin Heart,13000000,1,2024-06-14T02:29:34.000Z,https://universalis.app/market/3014
3015,Amateur's Dalmatica,Osiris Neverwinter,40000,1,2024-06-15T00:15:08.000Z,https://universalis.app/market/3015
3016,Leather Jacket,Catboy Bottoms,5000,1,2024-06-14T21:17:29.000Z,https://universalis.app/market/3016
3017,Hard Leather Harness,Kisa Jaezzy,5995,1,2024-06-10T20:51:55.000Z,https://universalis.app/market/3017
3018,Hempen Robe,Nananana Batman,20000,1,2024-06-22T18:37:26.000Z,https://universalis.app/market/3018
3019,Hempen Doublet Vest of Crafting,Reeses Peices,10000,1,2024-06-09T18:19:19.000Z,https://universalis.app/market/3019
3020,Hempen Doublet Vest of Gathering,Jet Speed,5009,1,2024-06-17T15:40:57.000Z,https://universalis.app/market/3020
3022,Cotton Shirt,Melrit Brave,19000,1,2024-06-18T04:08:21.000Z,https://universalis.app/market/3022
3023,Cotton Shepherd's Tunic,Sombre Dragonne,14750,1,2024-06-26T00:32:32.000Z,https://universalis.app/market/3023
3024,Cotton Cowl,Amelia Day,15000000,1,2024-06-17T00:33:16.000Z,https://universalis.app/market/3024
3026,Bronze Cuirass,Mytron Tsuwamono,1000,1,2024-06-07T02:54:37.000Z,https://universalis.app/market/3026
3028,Cotton Tabard,Catboy Bottoms,22000,1,2024-06-21T22:57:11.000Z,https://universalis.app/market/3028
3036,Cotton Dalmatica,Yinyinji Yinji,2000,1,2024-06-08T01:35:58.000Z,https://universalis.app/market/3036
3038,Cotton Dalmatica of Gathering,Youngsam Ham,10000,1,2024-06-24T03:04:03.000Z,https://universalis.app/market/3038
3039,Cotton Acton,Smazing Nekojita,10103,1,2024-06-21T04:27:07.000Z,https://universalis.app/market/3039
3041,Cotton Kurta,Asami Kohaku,10000,1,2024-06-24T04:28:48.000Z,https://universalis.app/market/3041
3043,Goatskin Jacket,O'fae Ursine,95,1,2024-06-17T05:57:06.000Z,https://universalis.app/market/3043
3045,Iron Cuirass,Rho Diana,9995,1,2024-06-10T21:12:46.000Z,https://universalis.app/market/3045
3050,Cotton Halfrobe,Kaida Brynn,24500000,1,2024-06-22T00:05:15.000Z,https://universalis.app/market/3050
3052,Cotton Doublet Vest of Crafting,Anna Mew,50000,1,2024-06-08T00:16:01.000Z,https://universalis.app/market/3052
3053,Cotton Doublet Vest of Gathering,Bera Faulkner,20019,1,2024-06-16T00:30:23.000Z,https://universalis.app/market/3053
3057,Iron Scale Mail,Gercal Flopalopagus,24999,1,2024-06-17T19:11:01.000Z,https://universalis.app/market/3057
3060,Cotton Trapper's Tunic,Deii Dei,5000,1,2024-06-13T06:11:30.000Z,https://universalis.app/market/3060
3062,Cotton Robe,Kooky Monster,260000000,1,2024-06-14T06:48:44.000Z,https://universalis.app/market/3062
3064,Initiate's Doublet Vest,Kari Zana,22000,1,2024-06-18T04:27:07.000Z,https://universalis.app/market/3064
3065,Initiate's Gown,Loopi Froots,9027,1,2024-06-10T09:14:58.000Z,https://universalis.app/market/3065
3066,Velveteen Shirt,Yari Zuko,10000,1,2024-06-06T18:13:13.000Z,https://universalis.app/market/3066
3068,Heavy Iron Armor,David Blackthorne,100029,1,2024-06-09T00:47:08.000Z,https://universalis.app/market/3068
3076,Vintage Coatee,Anne Chovy,52631,1,2024-06-12T11:40:20.000Z,https://universalis.app/market/3076
3009,Moth-eaten Coatee,Carrissa Car,27050,1,2024-06-18T08:21:38.000Z,https://universalis.app/market/3009
3077,Velveteen Coatee of Crafting,Itachi Pain,19999,1,2024-06-16T23:31:08.000Z,https://universalis.app/market/3077
3090,Velveteen Cowl,Elora Balro,100035,1,2024-06-07T17:23:37.000Z,https://universalis.app/market/3090
3092,Velveteen Coatee of Gathering,Puna'nae Bom'bae,19994,1,2024-06-19T17:36:05.000Z,https://universalis.app/market/3092
3096,Steel Chainmail,Nuala Teshurr,60000,1,2024-06-23T22:47:59.000Z,https://universalis.app/market/3096
5083,Steel Rings,Thundrr Thighs,2450,1,2024-06-07T19:43:15.000Z,https://universalis.app/market/5083
3099,Toadskin Jerkin,Albert Leopold,20000000,1,2024-06-22T01:24:55.000Z,https://universalis.app/market/3099
3100,Toadskin Jacket,Soketsu Tempest,55555,1,2024-06-08T07:42:29.000Z,https://universalis.app/market/3100
3102,Steel Cuirass,Amber Sil'feria,28230000,1,2024-06-21T02:31:07.000Z,https://universalis.app/market/3102
3104,Velveteen Gown,Y'estelle Serenity,40044,1,2024-06-08T20:18:34.000Z,https://universalis.app/market/3104
3105,Vintage Doublet Vest,La'zuline Duskdancer,1000000,1,2024-06-13T18:34:52.000Z,https://universalis.app/market/3105
2998,Frayed Cotton Doublet Vest,Mayzie Stormstout,17000,1,2024-06-21T15:36:54.000Z,https://universalis.app/market/2998
3106,Velveteen Robe,Soketsu Tempest,50001,1,2024-06-10T13:33:51.000Z,https://universalis.app/market/3106
3118,Steel Scale Mail,Highlord Rhys,24998,1,2024-06-07T20:32:09.000Z,https://universalis.app/market/3118
3120,Velveteen Doublet Vest of Crafting,Nagi Raha,40000,1,2024-06-14T18:18:04.000Z,https://universalis.app/market/3120
3121,Velveteen Doublet Vest of Gathering,Rhaya Vorai,30000,1,2024-06-18T22:19:29.000Z,https://universalis.app/market/3121
3125,Linen Shirt,Solomon Ravengarde,15000,1,2024-06-07T07:17:23.000Z,https://universalis.app/market/3125
3127,Heavy Steel Armor,Robbit Mayne,9996,1,2024-06-15T02:29:21.000Z,https://universalis.app/market/3127
3131,Linen Robe,Kai Gestalt,25000,1,2024-06-06T14:22:50.000Z,https://universalis.app/market/3131
3137,Vintage Chef's Apron,Hope Ronuya,35000,1,2024-06-10T19:42:31.000Z,https://universalis.app/market/3137
3012,Stained Chef's Apron,Gabriella Solara,14025,1,2024-06-24T01:12:58.000Z,https://universalis.app/market/3012
3138,Boarskin Harness,Quinella Pontifex,50000,1,2024-06-13T07:02:09.000Z,https://universalis.app/market/3138
3140,Linen Cowl,Thalma Badragon,25000,1,2024-06-19T03:12:18.000Z,https://universalis.app/market/3140
3142,Horn Scale Mail,Kearan Shadowsong,30000,1,2024-06-13T02:56:12.000Z,https://universalis.app/market/3142
3144,Linen Coatee of Crafting,William Leonehart,18900,1,2024-06-14T05:25:54.000Z,https://universalis.app/market/3144
3145,Linen Coatee of Gathering,Verinai Trevelyan,28000,1,2024-06-20T18:57:36.000Z,https://universalis.app/market/3145
3146,Linen Bliaud,Afelineda Hugandkiss,45000,1,2024-06-07T10:36:16.000Z,https://universalis.app/market/3146
3147,Woolen Shirt,Soketsu Tempest,49000,1,2024-06-09T09:32:10.000Z,https://universalis.app/market/3147
3149,Mythril Cuirass,Sam Dickey,55445,1,2024-06-06T22:08:52.000Z,https://universalis.app/market/3149
3160,Woolen Robe,Eikulim Lihearta,20000,1,2024-06-07T15:02:33.000Z,https://universalis.app/market/3160
3162,Linen Smock,Rakas Sol,35900,1,2024-06-17T04:17:15.000Z,https://universalis.app/market/3162
3163,Linen Doublet,Hermes Lyko,17964,1,2024-06-16T23:04:02.000Z,https://universalis.app/market/3163
3164,Vintage Scale Mail,Unknown- Z',7000,1,2024-06-10T01:10:38.000Z,https://universalis.app/market/3164
3165,Peisteskin Harness,Vale Valentine,19995,1,2024-06-07T07:05:14.000Z,https://universalis.app/market/3165
3174,Mythril Haubergeon,Abeline Cocoa,55000,1,2024-06-06T01:26:33.000Z,https://universalis.app/market/3174
3176,Woolen Gown,Scarlett Akuma,12000,1,2024-06-06T14:55:23.000Z,https://universalis.app/market/3176
3177,Boarskin Jerkin,Karrthus Immortal,32000,1,2024-06-06T17:34:06.000Z,https://universalis.app/market/3177
3178,Woolen Bliaud,Laela Nox,7000,1,2024-06-17T08:13:25.000Z,https://universalis.app/market/3178
3180,High Mythril Armor,Alt Qerel,25000,1,2024-06-15T08:36:03.000Z,https://universalis.app/market/3180
3182,Vintage Seneschal Coatee,Eve Dawn,50000,1,2024-06-06T11:06:38.000Z,https://universalis.app/market/3182
3098,Moth-eaten Seneschal Coatee,Elphelt Bellarose,27000,1,2024-06-10T08:15:03.000Z,https://universalis.app/market/3098
3183,Tortoiseshell Scale Mail,Highlord Rhys,22085,1,2024-06-19T22:17:48.000Z,https://universalis.app/market/3183
3185,Felt Robe,Kezak Zukazak,50000,1,2024-06-18T03:18:56.000Z,https://universalis.app/market/3185
3187,Woolen Smock,Condi Ttv,20000,1,2024-06-26T04:35:30.000Z,https://universalis.app/market/3187
3188,Woolen Doublet,Lanz Tyanu,25000,1,2024-06-16T21:51:35.000Z,https://universalis.app/market/3188
3191,Raptorskin Harness,Rosetta Blackthorne,30000,1,2024-06-20T22:23:55.000Z,https://universalis.app/market/3191
3193,Woolen Cowl,Ayaka Namikiri,29847,1,2024-06-13T10:41:52.000Z,https://universalis.app/market/3193
3201,Rainmaker's Tunic,Hailey Penyo,39902,1,2024-06-14T00:58:25.000Z,https://universalis.app/market/3201
3203,Cobalt Haubergeon,Klohelic Enjambre,64400,1,2024-06-07T13:52:09.000Z,https://universalis.app/market/3203
3205,Felt Gown,Solomon Ravengarde,20000,1,2024-06-07T08:30:22.000Z,https://universalis.app/market/3205
3206,Raptorskin Jerkin,Yoona Eclair,63902,1,2024-06-21T23:55:10.000Z,https://universalis.app/market/3206
3208,Vintage Robe,Astra Bourreaux,30000,1,2024-06-07T02:21:11.000Z,https://universalis.app/market/3208
3108,Tattered Robe,Midnight Dream,20000,1,2024-06-19T08:49:27.000Z,https://universalis.app/market/3108
3209,Cobalt Cuirass,Saoirse Skovgaard,14999,1,2024-06-13T07:16:01.000Z,https://universalis.app/market/3209
3211,Felt Bliaud,Uwu Daddy,45000,1,2024-06-19T01:05:07.000Z,https://universalis.app/market/3211
3213,Raptorskin Jacket,Tavi Takanaka,20000,1,2024-06-13T20:18:09.000Z,https://universalis.app/market/3213
3215,Patrician's Coatee,Kei Dja-rhoji,60109,1,2024-06-22T14:35:58.000Z,https://universalis.app/market/3215
3218,Vintage Haubergeon,Sir Karma,30000,1,2024-06-16T05:08:04.000Z,https://universalis.app/market/3218
3230,Blacksmith's Apron,Genysis Rhapsodos,25555,1,2024-06-14T20:59:38.000Z,https://universalis.app/market/3230
3232,Goldsmith's Doublet,Scarlet Everfire,24950,1,2024-06-10T00:57:20.000Z,https://universalis.app/market/3232
3234,Weaver's Swallowtail,Momiji Scrungler,20996,1,2024-06-20T22:22:47.000Z,https://universalis.app/market/3234
3235,Alchemist's Coat,Verinai Trevelyan,27999,1,2024-06-13T18:34:28.000Z,https://universalis.app/market/3235
3236,Culinarian's Apron,Jelly Salad,49997,1,2024-06-16T05:57:29.000Z,https://universalis.app/market/3236
3237,Miner's Shirt,Cas Neuri,75000,1,2024-06-17T00:08:14.000Z,https://universalis.app/market/3237
3238,Botanist's Doublet,Patron Sprinkles,45000,1,2024-06-12T18:22:36.000Z,https://universalis.app/market/3238
3239,Fisher's Shirt,Will Qufiswesfv,35000,1,2024-06-08T05:41:23.000Z,https://universalis.app/market/3239
3240,Militia Robe,Levolta Sven,1500,1,2024-06-08T01:14:27.000Z,https://universalis.app/market/3240
3241,Militia Cuirass,Elaine Scarlet,1999,1,2024-06-07T19:06:22.000Z,https://universalis.app/market/3241
3242,Militia Harness,Just Dizzt,12999,1,2024-06-13T22:41:42.000Z,https://universalis.app/market/3242
3243,Mosshorn Scale Mail,Panthalassa Gaia,10000000,1,2024-06-19T02:00:17.000Z,https://universalis.app/market/3243
5437,Mossy Horn,Makoto Aino,569,2,2024-06-20T18:26:59.000Z,https://universalis.app/market/5437
3244,Dodore Doublet,Hyo Astron,50000,1,2024-06-23T10:42:11.000Z,https://universalis.app/market/3244
5286,Dodore Leather,Shanris Delaar,3000,1,2024-06-09T05:01:42.000Z,https://universalis.app/market/5286
3249,Imperial Operative Dalmatica,Wolf Knight,9995,1,2024-06-09T06:08:09.000Z,https://universalis.app/market/3249
3256,Heavy Darksteel Armor,Miko Psycho,5000,1,2024-06-25T09:40:49.000Z,https://universalis.app/market/3256
5585,Darksteel Breastplate,Mura Sanatori,2924,2,2024-06-09T21:41:46.000Z,https://universalis.app/market/5585
3257,Darksteel Haubergeon,Mura Sanatori,2100,1,2024-06-09T21:40:33.000Z,https://universalis.app/market/3257
5105,Garlean Steel Plate,Scarlet Everfire,1000,1,2024-06-10T00:55:34.000Z,https://universalis.app/market/5105
3258,Gryphonskin Jerkin,O'lani Yuki,4400,1,2024-06-14T03:58:40.000Z,https://universalis.app/market/3258
5290,Coeurl Fur,Mocha Roundbottom,490,11,2024-06-24T14:02:00.000Z,https://universalis.app/market/5290
5581,Gryphonskin Shoulder Guards,Eleanor Watabe,1024,2,2024-06-10T02:55:29.000Z,https://universalis.app/market/5581
3259,Gryphonskin Tunic,Lekaka Leka,1750,1,2024-06-13T09:09:12.000Z,https://universalis.app/market/3259
5104,Garlean Steel Joint,Re'nhallo Tia,6000,1,2024-06-18T01:39:37.000Z,https://universalis.app/market/5104
3260,Vanya Robe of Casting,Ounica Light,4798,1,2024-06-19T21:37:16.000Z,https://universalis.app/market/3260
5578,Vanya Silk Robe Lining,Living Sky,521,1,2024-06-17T21:00:37.000Z,https://universalis.app/market/5578
