id,name,buyerName,pricePerUnit,quantity,timestamp,universalisUrl
1602,Bronze Bastard Sword,Totty Mcfly,47500000,1,2024-02-07T02:03:59.000Z,https://universalis.app/market/1602
2,Fire Shard,Gussi Linx,650,44,2024-02-06T04:51:41.000Z,https://universalis.app/market/2
5,Earth Shard,Azazel Blaze,111,6999,2024-02-07T15:22:44.000Z,https://universalis.app/market/5
5056,Bronze Ingot,Misha Dhol,2000,25,2024-02-18T21:35:43.000Z,https://universalis.app/market/5056
5361,Maple Lumber,Drogon Zaldrizes',900,1,2024-02-06T12:56:10.000Z,https://universalis.app/market/5361
5432,Bone Chip,Zacharius Saerion,350,1,2024-02-06T20:20:41.000Z,https://universalis.app/market/5432
1603,Viking Sword,Z'uan Nyx,18004,1,2024-02-12T10:57:25.000Z,https://universalis.app/market/1603
5275,Leather,Myi' Ke,350,3,2024-02-24T00:29:40.000Z,https://universalis.app/market/5275
1604,Ash Macuahuitl,Pat Plays,350,1,2024-01-31T05:32:22.000Z,https://universalis.app/market/1604
3,Ice Shard,Pearl Necklace,97,2000,2024-02-19T03:44:43.000Z,https://universalis.app/market/3
4,Wind Shard,Xau Relanah,101,5260,2024-02-05T22:01:20.000Z,https://universalis.app/market/4
5124,Obsidian,Evelyn Summers,300,10,2024-02-05T02:45:59.000Z,https://universalis.app/market/5124
5364,Ash Lumber,Skrully Matsuyama,1200,2,2024-02-16T06:00:12.000Z,https://universalis.app/market/5364
1605,Bronze Spatha,Vain Zaileen,25000000,1,2024-02-08T18:21:01.000Z,https://universalis.app/market/1605
5276,Hard Leather,Mikasa Vladimar,500,2,2024-02-04T04:55:58.000Z,https://universalis.app/market/5276
5434,Ram Horn,Fibit Lancaster,33001,1,2024-02-09T22:55:12.000Z,https://universalis.app/market/5434
1607,Brass Bastard Sword,Shelltor De'rose,8000,1,2024-02-21T00:08:57.000Z,https://universalis.app/market/1607
5063,Brass Ingot,Tuan Nguyen,3000,1,2024-02-04T22:11:37.000Z,https://universalis.app/market/5063
1609,Brass Viking Sword,Rin Azzy,25000,1,2024-02-14T03:46:50.000Z,https://universalis.app/market/1609
5277,Aldgoat Leather,T'zolah Nunh,5000,1,2024-01-30T02:35:42.000Z,https://universalis.app/market/5277
1611,Carnage Sword,Mi'yuki Tsukino,2012,1,2024-02-15T03:20:25.000Z,https://universalis.app/market/1611
1614,Iron Shortsword,Vermili Heartwright,1000,1,2024-02-16T00:03:36.000Z,https://universalis.app/market/1614
5057,Iron Ingot,Tigga Walsh,1500,10,2024-02-10T02:02:01.000Z,https://universalis.app/market/5057
5367,Elm Lumber,Keeng Taswell,2000,3,2024-01-30T04:57:27.000Z,https://universalis.app/market/5367
1622,Iron Spatha,Rin Azzy,4000,1,2024-02-16T03:33:18.000Z,https://universalis.app/market/1622
5435,Antelope Horn,Depressed Kitty,4000,2,2024-02-11T19:49:19.000Z,https://universalis.app/market/5435
1625,Steel Broadsword,Apollo Fugue,5000,1,2024-02-04T21:14:13.000Z,https://universalis.app/market/1625
5058,Steel Ingot,Rilie Palmetta,5000,15,2024-02-16T01:16:56.000Z,https://universalis.app/market/5058
5371,Walnut Lumber,Kiyah Lancaster,4000,10,2024-02-15T06:44:59.000Z,https://universalis.app/market/5371
5444,Wolf Fang,Araya Stormborn,2800,6,2024-02-10T21:15:46.000Z,https://universalis.app/market/5444
1627,Elm Macuahuitl,Mantra Fritz,5000,1,2024-02-10T05:18:39.000Z,https://universalis.app/market/1627
1633,Steel Falchion,Oliver Dragoon,50000,1,2024-01-30T06:46:59.000Z,https://universalis.app/market/1633
5260,Siltstone Whetstone,Myztic Quest,700,8,2024-02-02T11:57:51.000Z,https://universalis.app/market/5260
1635,Vintage Bastard Sword,Ice Crystal,21000,1,2024-02-22T14:30:24.000Z,https://universalis.app/market/1635
8,Fire Crystal,Alka Zelka,100,2400,2024-02-02T21:42:23.000Z,https://universalis.app/market/8
5259,Mudstone Whetstone,Slayer Kirk,2000,17,2024-02-17T11:13:32.000Z,https://universalis.app/market/5259
1637,Walnut Macuahuitl,Tuan Nguyen,4200,1,2024-02-04T22:07:11.000Z,https://universalis.app/market/1637
5125,Wyvern Obsidian,Kiyah Lancaster,2000,40,2024-02-15T12:49:02.000Z,https://universalis.app/market/5125
1639,Steel Longsword,Imma'b Deleveled,10000,1,2024-02-23T22:23:23.000Z,https://universalis.app/market/1639
5504,Fish Glue,Home Depot,3400,1,2024-02-09T09:52:13.000Z,https://universalis.app/market/5504
1613,Blunt Goblin Scimitar,Sideon Gray,749,1,2024-02-02T01:33:28.000Z,https://universalis.app/market/1613
1643,Mythril Broadsword,Y'shtara Meowsong,10050,1,2024-02-08T12:48:37.000Z,https://universalis.app/market/1643
5065,Mythril Ingot,Map Lock,5000,5,2024-02-24T11:45:37.000Z,https://universalis.app/market/5065
5373,Oak Lumber,Dino Punch-kick,4000,10,2024-02-24T00:00:41.000Z,https://universalis.app/market/5373
1648,Vintage Viking Sword,Tyler Harper,21000,1,2024-02-22T14:53:42.000Z,https://universalis.app/market/1648
11,Earth Crystal,Otoha Kannagi,65,500,2024-02-24T07:11:35.000Z,https://universalis.app/market/11
1616,Nicked Viking Sword,Lenala Azhketh,8500,1,2024-01-30T05:54:24.000Z,https://universalis.app/market/1616
1649,Goblin Longsword,Lady Valkyrie,17500,1,2024-01-30T10:16:42.000Z,https://universalis.app/market/1649
1621,Blunt Goblin Longsword,Yai Kazumie,5000,1,2024-01-31T11:15:02.000Z,https://universalis.app/market/1621
5262,Basilisk Whetstone,Ahnstah Dalamiq,5002,2,2024-02-04T22:42:45.000Z,https://universalis.app/market/5262
1650,Plumed Oak Macuahuitl,Zacharius Saerion,5000,1,2024-02-21T00:34:19.000Z,https://universalis.app/market/1650
5360,Wildfowl Feather,Val Maerion,2000,5,2024-02-15T17:42:20.000Z,https://universalis.app/market/5360
1657,Cobalt Katzbalger,Winters Edge,16989,1,2024-01-29T14:51:15.000Z,https://universalis.app/market/1657
5059,Cobalt Ingot,Rycic Ceb,5000,2,2024-02-11T04:02:14.000Z,https://universalis.app/market/5059
5066,Electrum Ingot,Izanami Ai,3000,1,2024-02-04T03:35:30.000Z,https://universalis.app/market/5066
5282,Boar Leather,Apples Jack,5000,10,2024-02-06T02:56:48.000Z,https://universalis.app/market/5282
1659,Cobalt Shamshir,Ramiel Forrest,65000000,1,2024-02-20T16:47:41.000Z,https://universalis.app/market/1659
5436,Aldgoat Horn,Thilly Ducky,2000,2,2024-02-25T04:12:43.000Z,https://universalis.app/market/5436
1663,Cobalt Winglet,Vale Alania,50000,1,2024-02-22T23:34:49.000Z,https://universalis.app/market/1663
5374,Mahogany Lumber,Zarlina Cott,3500,1,2024-02-01T22:03:56.000Z,https://universalis.app/market/5374
5465,Sunrise Tellin,Lord Asher,1000,97,2024-02-12T20:09:01.000Z,https://universalis.app/market/5465
5505,Horn Glue,Agrael Cousland,8500,1,2024-02-06T19:52:41.000Z,https://universalis.app/market/5505
1666,Giantsgall Longsword,Nyanta Shiroe,18000,1,2024-02-05T19:46:04.000Z,https://universalis.app/market/1666
18,Lightning Cluster,Willo Ren,1001,121,2024-02-07T05:06:03.000Z,https://universalis.app/market/18
19,Water Cluster,Remi Malqir,2340,25,2024-02-12T04:22:00.000Z,https://universalis.app/market/19
7620,Diluted Vitriol,J'wehli Fasaxo,1500,1,2024-02-10T19:11:25.000Z,https://universalis.app/market/7620
1670,Aeolian Scimitar,Ixkur Babooey,99800,1,2024-02-20T06:07:06.000Z,https://universalis.app/market/1670
1636,Blunt Aeolian Scimitar,Tigzy's Senpai,1000060,1,2024-02-10T22:37:23.000Z,https://universalis.app/market/1636
5061,Darksteel Nugget,Raena Kurai,8000,1,2024-02-22T15:00:31.000Z,https://universalis.app/market/5061
1673,Mailbreaker,Kettu Vos,10000,1,2024-02-11T09:12:53.000Z,https://universalis.app/market/1673
14,Fire Cluster,Ayase Mori,399,3500,2024-02-09T21:30:05.000Z,https://universalis.app/market/14
17,Earth Cluster,Sore Yori,144,3000,2024-02-14T10:06:50.000Z,https://universalis.app/market/17
5068,Rose Gold Nugget,Kaneko Kyriedark,5500,1,2024-02-04T07:13:26.000Z,https://universalis.app/market/5068
5288,Hippogryph Leather,Goddess Kiki,40000,1,2024-02-11T22:08:37.000Z,https://universalis.app/market/5288
5570,Mailbreaker Blade,Kayuza Yayreza,2100,1,2024-02-23T03:22:11.000Z,https://universalis.app/market/5570
1681,Bone Hora,Rokuyari Malaguld,20000,1,2024-02-03T17:58:46.000Z,https://universalis.app/market/1681
5318,Animal Sinew,Shelby Gt,500,5,2024-02-20T04:56:26.000Z,https://universalis.app/market/5318
1682,Leather Himantes,Noctis Shadowsong,9003,1,2024-02-05T18:04:32.000Z,https://universalis.app/market/1682
5324,Undyed Hempen Cloth,Z'uan Nyx,500,67,2024-02-13T13:08:53.000Z,https://universalis.app/market/5324
1683,Ramhorn Claws,Rokuyari Malaguld,5000,1,2024-02-11T22:16:16.000Z,https://universalis.app/market/1683
1684,Bronze Knuckles,Yuri Fujiwara,25000,1,2024-01-31T23:09:48.000Z,https://universalis.app/market/1684
1685,Hard Leather Himantes,Lou Chen,600,1,2024-02-15T02:10:29.000Z,https://universalis.app/market/1685
1686,Brass Knuckles,Rin Azzy,25000,1,2024-02-11T01:05:01.000Z,https://universalis.app/market/1686
1688,Goatskin Cesti,Austyn Kiwamitora,25000,1,2024-02-10T20:30:11.000Z,https://universalis.app/market/1688
5319,Beast Sinew,Agrael Cousland,1240,1,2024-01-30T16:38:14.000Z,https://universalis.app/market/5319
1694,Spiked Knuckles,Rin Azzy,20000,1,2024-02-14T22:17:45.000Z,https://universalis.app/market/1694
5072,Iron Plate,Myi' Ke,2000,2,2024-02-25T14:48:06.000Z,https://universalis.app/market/5072
1697,Toadskin Cesti,Lyra Bell,21000,1,2024-01-29T23:49:47.000Z,https://universalis.app/market/1697
5280,Toad Leather,Azazel Blaze,4000,10,2024-02-07T08:45:41.000Z,https://universalis.app/market/5280
5320,Diremite Sinew,Xau Relanah,2200,42,2024-02-05T23:05:01.000Z,https://universalis.app/market/5320
1699,Steel Claws,Y'shkena Aera,5046,1,2024-02-02T06:29:34.000Z,https://universalis.app/market/1699
5073,Steel Plate,Agrael Cousland,2001,1,2024-01-30T15:30:58.000Z,https://universalis.app/market/5073
1706,Crabshell Hora,Sumi Jizutsu,15057,1,2024-02-02T14:08:30.000Z,https://universalis.app/market/1706
5321,Hippogryph Sinew,Sarangerel Kha,500,1,2024-02-22T07:59:47.000Z,https://universalis.app/market/5321
5456,Green Megalocrab Shell,Myztic Quest,2000,1,2024-02-19T13:50:52.000Z,https://universalis.app/market/5456
1708,Boarskin Himantes,Zenith Gray,20000,1,2024-02-11T04:02:29.000Z,https://universalis.app/market/1708
1711,Mythril Claws,Rubicae Kinesel,30074,1,2024-02-12T21:40:46.000Z,https://universalis.app/market/1711
5079,Mythril Plate,Letra Stratus,5000,2,2024-02-10T19:14:25.000Z,https://universalis.app/market/5079
1716,Tortoiseshell Hora,Akagi Shirogane,9999,1,2024-02-11T22:20:26.000Z,https://universalis.app/market/1716
5322,Raptor Sinew,Lenore Bavarois,3001,26,2024-02-01T21:12:56.000Z,https://universalis.app/market/5322
5458,Adamantoise Shell,Eva Eggyolk,975,10,2024-02-18T05:55:35.000Z,https://universalis.app/market/5458
1723,Cobalt Knuckles,Yuri Fujiwara,40000,1,2024-02-07T06:09:59.000Z,https://universalis.app/market/1723
1728,Peisteskin Cesti,Zeronius Sane,6003,1,2024-02-04T23:43:30.000Z,https://universalis.app/market/1728
5284,Peiste Leather,Mika Kitt,466,1,2024-02-03T06:23:52.000Z,https://universalis.app/market/5284
5285,Raptor Leather,Nuevi Astartes,999,1,2024-02-16T15:10:28.000Z,https://universalis.app/market/5285
1733,Cobalt Claws,Sigurd Snow-hair,38000,1,2024-02-23T14:58:28.000Z,https://universalis.app/market/1733
5074,Cobalt Plate,Drasinda Trisadel,5000,2,2024-02-03T03:58:26.000Z,https://universalis.app/market/5074
1736,Giantsgall Claws,Nyanta Shiroe,3065,1,2024-02-05T17:56:17.000Z,https://universalis.app/market/1736
1740,Wildling's Cesti,Wynd Willow,20130,1,2024-02-16T22:35:58.000Z,https://universalis.app/market/1740
10,Wind Crystal,Erilith Gorgana,301,389,2024-02-25T13:22:42.000Z,https://universalis.app/market/10
5567,Bloody Cesti Covers,Biggest Lalafell,2350,1,2024-02-05T20:35:48.000Z,https://universalis.app/market/5567
1743,Avengers,Nyanta Shiroe,2999,1,2024-02-05T17:56:32.000Z,https://universalis.app/market/1743
5378,Spruce Lumber,Talicat Ashwood,5000,1,2024-01-29T05:20:05.000Z,https://universalis.app/market/5378
5571,Avenger Grips,Kayuza Yayreza,2121,1,2024-02-23T03:18:12.000Z,https://universalis.app/market/5571
1750,Bronze War Axe,Rin Azzy,21105,1,2024-02-02T01:35:32.000Z,https://universalis.app/market/1750
1751,Bronze Labrys,Mana Dejiki,5999,1,2024-02-12T22:09:06.000Z,https://universalis.app/market/1751
1752,Cloud Axe,Rumo Merlin,4400,1,2024-01-29T13:56:33.000Z,https://universalis.app/market/1752
1753,Spiked Bronze Labrys,Willo Ren,15000,1,2024-02-09T23:29:04.000Z,https://universalis.app/market/1753
1754,Iron War Axe,Soft Paws,3000,1,2024-02-19T08:08:28.000Z,https://universalis.app/market/1754
1756,Iron Labrys,Seltei Ittetsu,7815,1,2024-02-11T02:22:56.000Z,https://universalis.app/market/1756
1758,Inferno Axe,Vyktoria Bjarga,10000,1,2024-02-23T03:22:11.000Z,https://universalis.app/market/1758
1764,Iron Bill,Cerwyn Cassidy,10000,1,2024-02-23T20:05:40.000Z,https://universalis.app/market/1764
4856,Clove Oil,Illidari Nightfall,501,2,2024-01-30T03:00:58.000Z,https://universalis.app/market/4856
5368,Yew Lumber,Esmeray Minxx,700,28,2024-01-31T06:45:52.000Z,https://universalis.app/market/5368
1766,Thunderstorm Axe,Melrit Brave,3000,1,2024-02-22T17:11:03.000Z,https://universalis.app/market/1766
5064,Silver Ingot,Mozzarella Sticks,4000,1,2024-01-30T03:47:26.000Z,https://universalis.app/market/5064
1769,Spiked Steel Labrys,Derpy Fool,5000,1,2024-02-22T03:47:34.000Z,https://universalis.app/market/1769
1776,Steel Bardiche,Niviko Elusive,15000,1,2024-02-12T19:00:50.000Z,https://universalis.app/market/1776
5405,Yew Branch,Orla Mhin,600,2,2024-02-21T04:11:08.000Z,https://universalis.app/market/5405
1778,Steel Bhuj,Azazel Blaze,39999,1,2024-02-10T19:48:15.000Z,https://universalis.app/market/1778
1781,Spiked Mythril Labrys,Kastor Lastrad,34100,1,2024-02-19T16:17:50.000Z,https://universalis.app/market/1781
1786,Mythril Bhuj,Azazel Blaze,10700,1,2024-02-10T22:49:41.000Z,https://universalis.app/market/1786
1796,Buccaneer's Bardiche,Azazel Blaze,44000,1,2024-02-10T20:14:58.000Z,https://universalis.app/market/1796
5414,Rosewood Branch,Merinda Sunrider,300,10,2024-02-07T06:14:26.000Z,https://universalis.app/market/5414
5196,Jadeite,Val Maerion,5000,2,2024-02-15T17:52:54.000Z,https://universalis.app/market/5196
1803,Spiked Cobalt Labrys,Honest Heart,10000,1,2024-01-29T23:00:28.000Z,https://universalis.app/market/1803
5376,Rosewood Lumber,Otoha Kannagi,4000,3,2024-02-12T23:29:26.000Z,https://universalis.app/market/5376
1806,Giantsgall War Axe,Kiet Djt-marouc,10000,1,2024-02-19T01:17:11.000Z,https://universalis.app/market/1806
1810,Barbarian's Bardiche,Tsunayoshi Isfish,99900,1,2024-02-18T23:09:01.000Z,https://universalis.app/market/1810
5566,Bloody Bardiche Head,Ms Eldari,2700,1,2024-01-29T04:42:03.000Z,https://universalis.app/market/5566
1813,Rampager,Hezzhanth Domar,9494,1,2024-02-19T18:03:22.000Z,https://universalis.app/market/1813
5075,Darksteel Plate,Maeva Raine,5300,1,2024-02-09T00:17:01.000Z,https://universalis.app/market/5075
5572,Rampager Head,Didri Winterset,2000,2,2024-01-29T03:52:36.000Z,https://universalis.app/market/5572
1820,Bone Harpoon,Tabius Korinthos,5004,1,2024-02-02T13:42:07.000Z,https://universalis.app/market/1820
5503,Animal Glue,Noctis Shadowsong,2000,1,2024-02-05T15:57:47.000Z,https://universalis.app/market/5503
1821,Bronze Spear,Drogon Zaldrizes',8000,1,2024-02-06T12:56:27.000Z,https://universalis.app/market/1821
5482,Fish Oil,Akiko Shiduki,1000,29,2024-02-05T02:26:53.000Z,https://universalis.app/market/5482
1822,Ramhorn Harpoon,Tikkris Nomstark,2000,1,2024-01-30T19:06:05.000Z,https://universalis.app/market/1822
1823,Feathered Harpoon,Apollo Fugue,13989,1,2024-01-30T00:48:14.000Z,https://universalis.app/market/1823
5352,Crow Feather,Azazel Blaze,3419,96,2024-02-06T15:31:05.000Z,https://universalis.app/market/5352
5433,Soiled Femur,Silver Yue,169,15,2024-01-31T02:26:37.000Z,https://universalis.app/market/5433
1824,Brass Spear,V'hain Nunh,2500,1,2024-02-22T15:12:30.000Z,https://universalis.app/market/1824
1825,Iron Spear,Sayla Hawkwind,20014,1,2024-02-02T08:53:57.000Z,https://universalis.app/market/1825
1827,Iron Lance,Romantic Comedy,20019,1,2024-02-10T18:44:26.000Z,https://universalis.app/market/1827
1833,Iron Guisarme,Lord Mogsworth,21000,1,2024-02-16T08:54:34.000Z,https://universalis.app/market/1833
1836,Silver Battle Fork,Ness Wilder,10000,1,2024-01-31T14:10:53.000Z,https://universalis.app/market/1836
5484,Crab Oil,Xau Relanah,9999,8,2024-02-05T21:55:52.000Z,https://universalis.app/market/5484
1838,Steel Halberd,Derpy Fool,10046,1,2024-02-03T03:26:52.000Z,https://universalis.app/market/1838
1845,Steel Spear,Yynnsaroh Vonhelena,20053,1,2024-02-03T21:02:45.000Z,https://universalis.app/market/1845
1847,Heavy Steel Lance,Salamander Sam,30000,1,2024-01-31T01:54:41.000Z,https://universalis.app/market/1847
1850,Yarzonshell Harpoon,Ishtara Moonsong,36345,1,2024-02-07T18:38:27.000Z,https://universalis.app/market/1850
5454,Yellow Yarzon Leg,Lavinia Atropos,200,1,2024-02-15T19:26:38.000Z,https://universalis.app/market/5454
1855,Mythril Lance,Moose Gascoigne,30000,1,2024-02-12T02:03:48.000Z,https://universalis.app/market/1855
1862,Cobalt Halberd,Psykotic Storm,45000,1,2024-01-30T21:12:00.000Z,https://universalis.app/market/1862
1867,Cobalt Trident,Pink Hiko-sama,34000,1,2024-02-08T07:29:26.000Z,https://universalis.app/market/1867
5486,Shark Oil,Primal Savage,5000,5,2024-02-02T21:05:52.000Z,https://universalis.app/market/5486
1871,Vintage Guisarme,Brave Sparrow,50000,1,2024-02-11T10:39:40.000Z,https://universalis.app/market/1871
9,Ice Crystal,Trux Canum,91,288,2024-01-29T23:24:23.000Z,https://universalis.app/market/9
1840,Crooked Guisarme,Living Sky,8000,1,2024-02-04T02:30:23.000Z,https://universalis.app/market/1840
1872,Hart Guisarme,Phoenix Keahi,30000,1,2024-02-03T22:25:38.000Z,https://universalis.app/market/1872
1875,Giantsgall Trident,Elysium Xaveriell,10000,1,2024-02-07T00:48:05.000Z,https://universalis.app/market/1875
1879,Champion's Lance,Juniperr Snow,89790,1,2024-02-21T06:41:20.000Z,https://universalis.app/market/1879
5565,Bloody Lance Head,Erih Jhovu,4800,1,2024-02-23T20:14:38.000Z,https://universalis.app/market/5565
1882,Obelisk,Khisanth Teralind,7899,1,2024-02-07T09:12:14.000Z,https://universalis.app/market/1882
5573,Obelisk Head,Kayuza Yayreza,2090,2,2024-02-23T03:19:40.000Z,https://universalis.app/market/5573
1891,Maple Shortbow,Asuna Mikate,2500,1,2024-02-18T01:27:27.000Z,https://universalis.app/market/1891
5333,Hempen Yarn,Aladaya Kha,388,1,2024-02-23T17:36:30.000Z,https://universalis.app/market/5333
1892,Maple Longbow,Silver Yue,5000,1,2024-01-29T01:28:51.000Z,https://universalis.app/market/1892
5396,Maple Branch,Hydira Veltryx,101,11,2024-02-09T18:39:34.000Z,https://universalis.app/market/5396
1893,Plumed Maple Shortbow,Puddi Tatt,500,1,2024-02-04T04:00:40.000Z,https://universalis.app/market/1893
5351,Cock Feather,Amelia Roseblood,300,9,2024-02-09T05:51:29.000Z,https://universalis.app/market/5351
1894,Wrapped Maple Longbow,Derpy Fool,1000,1,2024-01-30T05:28:04.000Z,https://universalis.app/market/1894
5402,Ash Branch,Polli Cannoli,1000,3,2024-02-12T00:38:44.000Z,https://universalis.app/market/5402
1895,Ash Shortbow,Smug Tsumugi,12000,1,2024-02-02T19:54:30.000Z,https://universalis.app/market/1895
1897,Elm Longbow,Puddi Tatt,10016,1,2024-02-04T08:05:39.000Z,https://universalis.app/market/1897
5334,Cotton Yarn,Fibit Lancaster,550001,1,2024-02-10T01:57:01.000Z,https://universalis.app/market/5334
1899,Elm Velocity Bow,Ember Ryu,4999,1,2024-02-21T02:10:03.000Z,https://universalis.app/market/1899
1905,Wrapped Elm Longbow,Teenie Moon,5000,1,2024-02-18T18:34:19.000Z,https://universalis.app/market/1905
1908,Ash Composite Bow,Tuan Nguyen,14121,1,2024-02-20T13:13:28.000Z,https://universalis.app/market/1908
1915,Ash Cavalry Bow,Day Dreams,40000,1,2024-02-14T21:54:53.000Z,https://universalis.app/market/1915
5409,Oak Branch,Nirici Icirin,1000,1,2024-02-01T12:05:53.000Z,https://universalis.app/market/5409
1917,Oak Longbow,Kiriko Shinsetsu,39000,1,2024-01-29T20:39:29.000Z,https://universalis.app/market/1917
5336,Linen Yarn,Osric Dracht,1299,11,2024-02-12T01:58:00.000Z,https://universalis.app/market/5336
1920,Mythril Cavalry Bow,Rick Qt,56900,1,2024-01-31T13:38:15.000Z,https://universalis.app/market/1920
1925,Oak Composite Bow,Kali Virac,36000,1,2024-02-15T05:53:00.000Z,https://universalis.app/market/1925
1932,Cobalt Cavalry Bow,Talicat Ashwood,20092,1,2024-02-09T03:45:58.000Z,https://universalis.app/market/1932
1937,Yew Longbow,Noah Hunt,50000,1,2024-02-02T02:41:58.000Z,https://universalis.app/market/1937
1941,Vintage Bow,Jenik Zika,8998,1,2024-02-13T22:08:13.000Z,https://universalis.app/market/1941
1910,Warped Bow,Rio Fayte,15000,1,2024-01-31T08:28:55.000Z,https://universalis.app/market/1910
1942,Crab Bow,S'llandre Flamh,50000,1,2024-02-04T23:30:02.000Z,https://universalis.app/market/1942
5462,Red Coral,Xyn'phandell Valduir,5000,3,2024-02-03T20:47:12.000Z,https://universalis.app/market/5462
1945,Giantsgall Longbow,Arubi Hachibi,1000,1,2024-02-10T08:24:21.000Z,https://universalis.app/market/1945
1949,Longarm's Composite Bow,Izrea Meath,48400,1,2024-02-18T09:25:26.000Z,https://universalis.app/market/1949
5568,Bloody Bow Rim,Rio Fayte,25016,1,2024-01-31T08:30:49.000Z,https://universalis.app/market/5568
1953,Sarnga,Nyanta Shiroe,5165,1,2024-02-05T19:26:10.000Z,https://universalis.app/market/1953
15,Ice Cluster,Remi Malqir,45,201,2024-02-12T04:20:55.000Z,https://universalis.app/market/15
16,Wind Cluster,Cole Roack,300,500,2024-02-18T12:25:31.000Z,https://universalis.app/market/16
5574,Sarnga Limb,Didrianna Winterset,2024,2,2024-02-04T02:40:26.000Z,https://universalis.app/market/5574
1958,Maple Wand,Billy Bum,10000,1,2024-01-29T21:12:26.000Z,https://universalis.app/market/1958
6,Lightning Shard,Caleb Sapphire,200,10,2024-02-14T03:38:32.000Z,https://universalis.app/market/6
7,Water Shard,Drew Devorna,100,20,2024-02-04T07:33:29.000Z,https://universalis.app/market/7
5470,Growth Formula Alpha,Hydira Veltryx,5000,3,2024-02-16T19:38:49.000Z,https://universalis.app/market/5470
1959,Whispering Maple Wand,Riven Zatoshi,30000,1,2024-02-15T04:01:18.000Z,https://universalis.app/market/1959
1960,Budding Maple Wand,Anima Shu,10499,1,2024-02-02T12:32:09.000Z,https://universalis.app/market/1960
5492,Beastkin Blood,Biggest Lalafell,100,7,2024-02-02T23:47:01.000Z,https://universalis.app/market/5492
1961,Ash Wand,Maddy Starweaver,20009,1,2024-01-30T19:45:19.000Z,https://universalis.app/market/1961
5471,Growth Formula Beta,Alric Faulkner,3999,2,2024-02-25T02:54:44.000Z,https://universalis.app/market/5471
1963,Budding Ash Wand,Rykku Arkwright,15015,1,2024-02-02T18:19:09.000Z,https://universalis.app/market/1963
1965,Whispering Ash Wand,Grass Cake,13024,1,2024-02-21T05:51:24.000Z,https://universalis.app/market/1965
5493,Scalekin Blood,Missy Cayden,2600,2,2024-02-10T23:50:24.000Z,https://universalis.app/market/5493
1967,Yew Wand,Bridgitte Lightslayer,9000,1,2024-01-29T20:28:14.000Z,https://universalis.app/market/1967
1969,Budding Yew Wand,Yugo Jenkins,15001,1,2024-02-01T23:19:52.000Z,https://universalis.app/market/1969
1971,Budding Oak Wand,Phoenix Keahi,40050,1,2024-01-29T22:12:46.000Z,https://universalis.app/market/1971
4603,Hi-Potion of Mind,Cirex Leonis,2222,2,2024-01-29T19:18:48.000Z,https://universalis.app/market/4603
1974,Wand of Frost,Elehayym Kaslana,18000,1,2024-02-12T23:44:18.000Z,https://universalis.app/market/1974
5199,Eye of Ice,Orla Mhin,75,2,2024-01-29T02:18:00.000Z,https://universalis.app/market/5199
5472,Growth Formula Gamma,Mika Kitt,2400,2,2024-02-10T23:36:10.000Z,https://universalis.app/market/5472
1976,Wand of Tremors,Adel Pandora,18499,1,2024-02-10T23:20:33.000Z,https://universalis.app/market/1976
5201,Eye of Earth,Veezra Silksong,8000,1,2024-02-07T03:12:44.000Z,https://universalis.app/market/5201
1978,Wand of Tides,Tulth Mystflame,45000,1,2024-02-17T01:41:49.000Z,https://universalis.app/market/1978
5203,Eye of Water,Map Lock,40,4,2024-02-25T04:23:21.000Z,https://universalis.app/market/5203
1981,Wand of Flames,Zelda Faye,9000,1,2024-02-12T17:21:16.000Z,https://universalis.app/market/1981
5198,Eye of Fire,Reede Djt-dvre,58000,1,2024-02-11T21:30:24.000Z,https://universalis.app/market/5198
1983,Wand of Gales,Iona Callon,19900,1,2024-02-05T01:50:01.000Z,https://universalis.app/market/1983
5200,Eye of Wind,Autumn Dawn,3000,1,2024-02-10T08:07:40.000Z,https://universalis.app/market/5200
1985,Wand of Storms,Riven Nova,18799,1,2024-02-11T03:16:30.000Z,https://universalis.app/market/1985
5202,Eye of Lightning,Pan D'saul,30,1,2024-01-31T21:32:41.000Z,https://universalis.app/market/5202
1987,Budding Rosewood Wand,Estelle Ceres,59999,1,2024-01-30T07:04:37.000Z,https://universalis.app/market/1987
4608,Mega-Potion of Mind,Anador Tsunareada,17000,1,2024-02-24T09:40:10.000Z,https://universalis.app/market/4608
5494,Spoken Blood,Myztic Quest,5000,2,2024-02-18T13:45:30.000Z,https://universalis.app/market/5494
1996,Maple Cane,Tabius Korinthos,21005,1,2024-02-02T14:47:42.000Z,https://universalis.app/market/1996
1997,Maple Crook,Silver Yue,10000,1,2024-01-31T02:28:09.000Z,https://universalis.app/market/1997
1998,Ash Radical,Veis Thunderstruck,22000,1,2024-02-10T13:23:52.000Z,https://universalis.app/market/1998
2002,Elm Crook,Lady Valkyrie,2232,1,2024-02-02T22:38:06.000Z,https://universalis.app/market/2002
2004,Yew Radical,Map Lock,750,1,2024-02-23T06:14:31.000Z,https://universalis.app/market/2004
2010,Pastoral Yew Cane,Apollo Fugue,20026,1,2024-02-05T18:22:36.000Z,https://universalis.app/market/2010
2011,Yew Crook,Riven Zatoshi,5000,1,2024-02-25T08:42:05.000Z,https://universalis.app/market/2011
2015,Walnut Cane,Kiriko Shinsetsu,31156,1,2024-01-29T20:39:21.000Z,https://universalis.app/market/2015
2021,Plumed Yew Crook,June Cervantes,21000,1,2024-02-12T06:46:17.000Z,https://universalis.app/market/2021
2023,Oak Radical,Lyra Bell,58000,1,2024-01-29T23:49:01.000Z,https://universalis.app/market/2023
2026,Pastoral Oak Cane,Tabius Korinthos,58000,1,2024-02-02T14:38:59.000Z,https://universalis.app/market/2026
2030,Sprouting Rosewood Radical,Capulus Tempus,76000,1,2024-01-29T23:17:42.000Z,https://universalis.app/market/2030
2039,Jade Crook,Rick Qt,39999,1,2024-01-31T13:41:16.000Z,https://universalis.app/market/2039
2041,Vintage Cane,Brave Sparrow,15000,1,2024-02-01T15:29:14.000Z,https://universalis.app/market/2041
2014,Splintered Cane,Frey Wargmaw,15000,1,2024-02-07T01:46:17.000Z,https://universalis.app/market/2014
2044,Pastoral Mahogany Cane,Lusserina Vul,30114,1,2024-02-05T22:08:26.000Z,https://universalis.app/market/2044
5335,Dew Thread,Azazel Blaze,9999,99,2024-02-04T22:00:15.000Z,https://universalis.app/market/5335
2047,Tane Mahuta,Orla Mhin,48000,1,2024-02-21T05:57:06.000Z,https://universalis.app/market/2047
5555,Ochu Vine,Libertus Ostium,1199,3,2024-02-18T18:09:55.000Z,https://universalis.app/market/5555
2048,Giantsgall Cane,Riven Nova,15000,1,2024-02-11T03:20:50.000Z,https://universalis.app/market/2048
2049,Madman's Whispering Rod,Bofa Dee,39996,1,2024-02-24T03:45:37.000Z,https://universalis.app/market/2049
12,Lightning Crystal,Aryian Cosmic,175,55,2024-02-06T20:07:22.000Z,https://universalis.app/market/12
13,Water Crystal,Alistair Siegfried,175,55,2024-02-10T11:37:17.000Z,https://universalis.app/market/13
5473,Growth Formula Delta,Lord Valkyrie,10000,10,2024-01-30T22:04:51.000Z,https://universalis.app/market/5473
5537,Thavnairian Mistletoe,Dark Sunshine,700,24,2024-01-31T06:58:01.000Z,https://universalis.app/market/5537
5547,Vampire Plant,Tynave Fanara,300,1,2024-02-01T23:35:15.000Z,https://universalis.app/market/5547
2051,Alkalurops,Briar Light,10000,1,2024-02-22T10:25:32.000Z,https://universalis.app/market/2051
5575,Suspended Trillium Flower,Mizuki Rhiki,2396,1,2024-02-08T21:40:04.000Z,https://universalis.app/market/5575
2056,Bone Brand,Tomie Shmayluk,19700,1,2024-02-14T17:23:43.000Z,https://universalis.app/market/2056
5197,Marbled Eye,Dyan Zzarzy,500,3,2024-02-19T11:43:08.000Z,https://universalis.app/market/5197
2057,Copper Scepter,Shadow Kuro,5000,1,2024-02-05T01:39:12.000Z,https://universalis.app/market/2057
5062,Copper Ingot,Astray Eclipse,450,7,2024-02-19T17:28:08.000Z,https://universalis.app/market/5062
2058,Bronze Scepter,Shadow Kuro,5000,1,2024-02-06T20:20:37.000Z,https://universalis.app/market/2058
2059,Brass Cudgel,Caseyo Abbacchio,1000,1,2024-02-13T01:35:40.000Z,https://universalis.app/market/2059
2061,Decorated Copper Scepter,Heals Onwheels,16995,1,2024-02-07T17:09:14.000Z,https://universalis.app/market/2061
5258,Ragstone Whetstone,Astray Eclipse,490,13,2024-02-01T21:34:41.000Z,https://universalis.app/market/5258
2063,Wind Brand,Riven Zatoshi,18000,1,2024-02-19T15:48:39.000Z,https://universalis.app/market/2063
2066,Ice Brand,Janai Keyes,3000,1,2024-02-05T19:20:43.000Z,https://universalis.app/market/2066
2069,Silver Scepter,Korbin Volffen,2000,1,2024-02-06T17:31:20.000Z,https://universalis.app/market/2069
5527,Brimstone,Iintodah Spiedevers,2500,2,2024-02-05T02:04:44.000Z,https://universalis.app/market/5527
2071,Earth Brand,Delru Gerrik,24000,1,2024-02-15T10:56:49.000Z,https://universalis.app/market/2071
2076,Decorated Silver Scepter,Alisa Light,4999,1,2024-01-30T22:10:13.000Z,https://universalis.app/market/2076
2078,Fire Brand,Yuri Fujiwara,29000,1,2024-02-01T05:01:27.000Z,https://universalis.app/market/2078
2083,Lightning Brand,Rio Tora,397,1,2024-02-12T00:56:55.000Z,https://universalis.app/market/2083
2088,Electrum Scepter,Jezzabell Jinx,1798,1,2024-02-10T05:53:45.000Z,https://universalis.app/market/2088
5489,Quicksilver,Caleb Sapphire,1000,6,2024-02-14T03:34:55.000Z,https://universalis.app/market/5489
2093,Vintage Cudgel,Hayden Targaryen,10000,1,2024-02-17T18:07:18.000Z,https://universalis.app/market/2093
2068,Damaged Cudgel,Rio Fayte,3988,1,2024-02-02T02:18:08.000Z,https://universalis.app/market/2068
5092,Iron Rivets,Niko Mctizic,2000,1,2024-02-10T18:59:25.000Z,https://universalis.app/market/5092
2094,Water Brand,Raf Al,5999,1,2024-01-31T05:23:05.000Z,https://universalis.app/market/2094
2097,Jade Scepter,Ladybug Kay,2001,1,2024-02-04T03:48:04.000Z,https://universalis.app/market/2097
5168,Jade,Hamburger Help-me,1111,10,2024-02-10T03:53:46.000Z,https://universalis.app/market/5168
5439,Ogre Horn,Estven Fireblood,99,99,2024-01-29T05:31:59.000Z,https://universalis.app/market/5439
2102,Sanguine Scepter,Jenvovas Witness,99999,1,2024-02-07T01:09:40.000Z,https://universalis.app/market/2102
5206,Pinprick Pebble,Nashu Mujuuk,100,1,2024-01-29T03:35:16.000Z,https://universalis.app/market/5206
2106,Bone Staff,A'vanoh Draxtor,4999,1,2024-02-09T20:46:26.000Z,https://universalis.app/market/2106
2107,Ramhorn Staff,Z'uan Nyx,19999,1,2024-02-12T10:57:48.000Z,https://universalis.app/market/2107
2108,Decorated Bone Staff,Rin Azzy,1709,1,2024-02-16T03:32:41.000Z,https://universalis.app/market/2108
5442,Bat Fang,Lorelei Serris,688888,1,2024-02-04T04:00:08.000Z,https://universalis.app/market/5442
2109,Toothed Ramhorn Staff,Caseyo Abbacchio,2015,1,2024-02-16T02:05:47.000Z,https://universalis.app/market/2109
2111,Staghorn Staff,Blind Witness,20021,1,2024-02-12T08:08:05.000Z,https://universalis.app/market/2111
2116,Sanguine Horn Staff,Dermot Elakha,990,1,2024-02-04T16:16:45.000Z,https://universalis.app/market/2116
2118,Toothed Staghorn Staff,Vermili Heartwright,4000,1,2024-02-08T03:11:55.000Z,https://universalis.app/market/2118
2121,Goathorn Staff,Superaerial Ace,3994,1,2024-02-05T19:54:34.000Z,https://universalis.app/market/2121
2123,Toothed Goathorn Staff,Pequodre Mirmir,5999,1,2024-01-31T23:51:04.000Z,https://universalis.app/market/2123
2125,Horn Staff,Naowl Kress,48000,1,2024-02-19T01:38:37.000Z,https://universalis.app/market/2125
2130,Black Horn Staff,Trishana O'mogson,7500,1,2024-02-12T21:10:17.000Z,https://universalis.app/market/2130
2133,Ivory Staff,Azazel Blaze,42000,1,2024-02-08T05:19:24.000Z,https://universalis.app/market/2133
2136,Giantsgall Longstaff,Nyanta Shiroe,9999,1,2024-02-05T19:20:06.000Z,https://universalis.app/market/2136
2139,Astrolabe,Meow Tea,9500,1,2024-02-21T02:57:21.000Z,https://universalis.app/market/2139
5576,Astrolabe Clinometer,Didrianna Winterset,2000,1,2024-01-31T03:17:50.000Z,https://universalis.app/market/5576
2143,Leather Grimoire,Alexandra Kedves,50000,1,2024-02-05T21:18:39.000Z,https://universalis.app/market/2143
5380,Maple Log,Archangel Azryil,222,2,2024-02-18T22:15:52.000Z,https://universalis.app/market/5380
5475,Enchanted Copper Ink,Mumuko Muko,1000,1,2024-02-19T02:57:49.000Z,https://universalis.app/market/5475
2144,Maple Picatrix,Anima Shu,10000,1,2024-02-01T09:29:38.000Z,https://universalis.app/market/2144
2145,Engraved Leather Grimoire,Sakyo Kaifu,9999,1,2024-02-06T22:57:41.000Z,https://universalis.app/market/2145
5383,Ash Log,Flyp Adol,600,99,2024-02-24T17:52:45.000Z,https://universalis.app/market/5383
2146,Ash Picatrix,Veis Thunderstruck,7000,1,2024-02-10T13:26:04.000Z,https://universalis.app/market/2146
2147,Hard Leather Grimoire,Riven Zatoshi,40014,1,2024-02-23T01:07:55.000Z,https://universalis.app/market/2147
5385,Elm Log,Rykku Arkwright,500,2,2024-02-02T17:58:32.000Z,https://universalis.app/market/5385
5476,Enchanted Iron Ink,Drakey Dragon,3000,2,2024-02-22T22:56:05.000Z,https://universalis.app/market/5476
2149,Engraved Hard Leather Grimoire,Azazel Blaze,19999,1,2024-02-06T18:07:17.000Z,https://universalis.app/market/2149
5386,Yew Log,Violet Myst,1000,10,2024-02-09T03:34:11.000Z,https://universalis.app/market/5386
2151,Yew Picatrix,Smug Tsumugi,7000,1,2024-02-13T16:48:25.000Z,https://universalis.app/market/2151
2156,Goatskin Grimoire,Z'uan Nyx,30000,1,2024-02-06T23:26:35.000Z,https://universalis.app/market/2156
5477,Enchanted Silver Ink,Lorahsande Banehene,10000,2,2024-02-08T11:47:29.000Z,https://universalis.app/market/5477
2160,Engraved Goatskin Grimoire,Honest Evil,18000,1,2024-02-10T02:28:31.000Z,https://universalis.app/market/2160
5388,Walnut Log,Biggest Lalafell,500,7,2024-02-14T01:56:58.000Z,https://universalis.app/market/5388
2166,Book of Silver,Z'uan Nyx,19900,1,2024-02-12T10:58:28.000Z,https://universalis.app/market/2166
5390,Oak Log,Xau Relanah,485,36,2024-02-05T22:05:27.000Z,https://universalis.app/market/5390
2169,Embossed Book of Silver,Momoka Sayuri,10999,1,2024-02-11T12:06:52.000Z,https://universalis.app/market/2169
2174,Book of Mythril,Atticus Skyfire,30000,1,2024-02-01T02:31:19.000Z,https://universalis.app/market/2174
5346,Flax,Darkhosis Vii,479,50,2024-02-20T17:26:30.000Z,https://universalis.app/market/5346
5478,Enchanted Mythril Ink,Anador Tsunareada,1800,1,2024-02-06T05:44:53.000Z,https://universalis.app/market/5478
2184,Vintage Picatrix,Logan Fox,14998,1,2024-02-13T00:31:03.000Z,https://universalis.app/market/2184
2158,Brittle Picatrix,Lycoris Lunaris,4900,1,2024-02-07T18:31:44.000Z,https://universalis.app/market/2158
2185,Book of Electrum,Brandt Lyonhart,19800,1,2024-02-04T05:24:46.000Z,https://universalis.app/market/2185
5337,Woolen Yarn,Ravina Reoul,9000,1,2024-02-17T03:52:32.000Z,https://universalis.app/market/5337
5393,Rosewood Log,Sai Hattori,500,15,2024-02-21T02:42:11.000Z,https://universalis.app/market/5393
5479,Enchanted Electrum Ink,Kona Kuzakari,1500,1,2024-02-24T23:43:34.000Z,https://universalis.app/market/5479
2189,Embossed Book of Electrum,Wandering Thunder,49000,1,2024-02-16T21:02:04.000Z,https://universalis.app/market/2189
2193,Cantamina Thavnaria,Qian Qiu,6165,1,2024-02-10T07:02:39.000Z,https://universalis.app/market/2193
5481,Enchanted Rose Gold Ink,Zieg Dantel,9996,2,2024-02-06T08:11:28.000Z,https://universalis.app/market/5481
2194,Medica Thavnaria,Gale De'karios,3500,1,2024-02-17T01:49:06.000Z,https://universalis.app/market/2194
7587,Faded Tome,Visar Vi,149,1,2024-02-04T03:52:31.000Z,https://universalis.app/market/7587
2201,Erudite's Picatrix of Healing,Eanna Cyrel,49699,1,2024-02-02T22:00:04.000Z,https://universalis.app/market/2201
5480,Enchanted Gold Ink,Hexzaros Rayne,5500,2,2024-02-13T09:59:38.000Z,https://universalis.app/market/5480
5569,Bloody Grimoire Binding,Leather Pigpup,3000,1,2024-01-30T04:18:06.000Z,https://universalis.app/market/5569
2202,Erudite's Picatrix of Casting,Valgrod Deldonath,86842,1,2024-02-20T22:09:41.000Z,https://universalis.app/market/2202
2211,Deus Ex Verbis,Gale De'karios,2090,1,2024-02-11T16:02:55.000Z,https://universalis.app/market/2211
5338,Silk Thread,Exeo Ryoth,5000,1,2024-02-05T00:42:47.000Z,https://universalis.app/market/5338
2212,Deus Ex Gratia,Yuyumuko Sesemuko,9000,1,2024-02-13T02:44:18.000Z,https://universalis.app/market/2212
2219,Square Maple Shield,Pat Plays,1902,1,2024-01-31T01:00:37.000Z,https://universalis.app/market/2219
5091,Bronze Rivets,Xalnaris Strifee,502,2,2024-02-06T18:43:17.000Z,https://universalis.app/market/5091
12524,Titanium Nugget,Rick Qt,9500,14,2024-02-04T05:15:17.000Z,https://universalis.app/market/12524
12529,Titanium Rivets,Lux Sol,5999,1,2024-02-20T03:54:43.000Z,https://universalis.app/market/12529
12658,Dusk Leather,Nyanta Shiroe,450000,1,2024-02-04T02:35:29.000Z,https://universalis.app/market/12658
2226,Bronze Hoplon,Ain Larkspur,14000000,1,2024-02-21T14:48:30.000Z,https://universalis.app/market/2226
5071,Bronze Plate,Sefi Asta,1000,3,2024-02-09T08:35:52.000Z,https://universalis.app/market/5071
2228,Round Shield,Shinobi Kaiyo,20000000,1,2024-02-17T09:38:23.000Z,https://universalis.app/market/2228
2229,Leather Targe,Njtovi Olafur,526,1,2024-02-15T04:26:17.000Z,https://universalis.app/market/2229
2230,Bronze Scutum,Turnon Tankstance,7104,1,2024-02-05T17:02:54.000Z,https://universalis.app/market/2230
2231,Bronze Buckler,Coco Mora,20000,1,2024-02-05T23:39:22.000Z,https://universalis.app/market/2231
2233,Square Ash Shield,Ime Tachibana,344,1,2024-02-11T19:46:46.000Z,https://universalis.app/market/2233
2236,Iron Hoplon,Home Depot,45000,1,2024-02-09T18:11:11.000Z,https://universalis.app/market/2236
2238,Vintage Square Shield,Everly Nightingale,38000,1,2024-02-19T08:35:17.000Z,https://universalis.app/market/2238
2224,Worm-eaten Square Shield,Biggest Lalafell,3000,1,2024-02-03T00:12:29.000Z,https://universalis.app/market/2224
4859,Cider Vinegar,Taco Connoisseur,399,4,2024-02-15T00:26:40.000Z,https://universalis.app/market/4859
2239,Ironclad Bronze Buckler,Fenrir Stormbringer,50000,1,2024-02-12T04:09:25.000Z,https://universalis.app/market/2239
2241,Iron Lantern Shield,Noble Maximus,40000,1,2024-02-06T04:56:50.000Z,https://universalis.app/market/2241
5998,Tallow Candle,Biggest Lalafell,5000,1,2024-01-30T18:58:25.000Z,https://universalis.app/market/5998
2242,Iron Scutum,Maddy Starweaver,1500,1,2024-02-07T12:36:32.000Z,https://universalis.app/market/2242
2244,Vintage Hoplon,Lenala Azhketh,11026,1,2024-01-30T06:17:34.000Z,https://universalis.app/market/2244
2246,Viper-crested Round Shield,Alys Rhion,5000,1,2024-01-30T00:33:02.000Z,https://universalis.app/market/2246
2248,Iron Kite Shield,Baxter Butterbun,40000,1,2024-01-29T03:20:21.000Z,https://universalis.app/market/2248
2250,Goatskin Targe,Issac Humblebug,9000,1,2024-02-18T21:48:23.000Z,https://universalis.app/market/2250
5093,Steel Rivets,Annabelle Sinclaw,5000,25,2024-02-13T20:49:35.000Z,https://universalis.app/market/5093
2257,Bull Hoplon,Uni Sakura,15000,1,2024-02-05T20:44:57.000Z,https://universalis.app/market/2257
2260,Decorated Buckler,Laic Hauteur,15000,1,2024-02-02T20:00:42.000Z,https://universalis.app/market/2260
2262,Decorated Iron Scutum,Menphina's Sky,15023,1,2024-02-17T23:43:37.000Z,https://universalis.app/market/2262
2268,Bladed Lantern Shield,Aelin Silmarien,15000,1,2024-02-15T03:51:12.000Z,https://universalis.app/market/2268
2270,Raptorskin Targe,Alka Zelka,40000,1,2024-02-02T01:15:03.000Z,https://universalis.app/market/2270
5099,Mythril Rivets,Orange Juiced,3579,50,2024-02-03T04:45:54.000Z,https://universalis.app/market/5099
2278,Vintage Scutum,Sophie Whelihan,20000,1,2024-02-02T17:51:48.000Z,https://universalis.app/market/2278
2279,Cobalt Scutum,Sirrom Dareth,20000,1,2024-01-30T01:09:29.000Z,https://universalis.app/market/2279
5094,Cobalt Rivets,Creve Dai'avi,2500,1,2024-02-01T23:24:31.000Z,https://universalis.app/market/5094
2287,Eagle-crested Round Shield,Cocolima Kokolima,11998,1,2024-01-29T19:40:59.000Z,https://universalis.app/market/2287
2289,Vintage Round Shield,Ariamis Granmeyer,7900,1,2024-01-29T21:50:24.000Z,https://universalis.app/market/2289
5228,Ragstone,Lavender Rose,699,1,2024-02-01T01:30:23.000Z,https://universalis.app/market/5228
5517,Lanolin,Tripp Dunhill,679,1,2024-01-31T03:32:57.000Z,https://universalis.app/market/5517
2294,Kite Shield,Reshi Verglas,10000,1,2024-02-02T01:40:22.000Z,https://universalis.app/market/2294
2296,Cobalt Bladed Lantern Shield,Ildstorm Djt-dvre,25000,1,2024-02-01T22:29:53.000Z,https://universalis.app/market/2296
2298,Oxblood Targe,Cid Kagenou,21052,1,2024-02-01T09:56:24.000Z,https://universalis.app/market/2298
2302,Darksteel Scutum,Rhy Sumi,5000,1,2024-02-18T04:24:07.000Z,https://universalis.app/market/2302
5060,Darksteel Ingot,Amelia Roseblood,45000,1,2024-02-13T00:38:24.000Z,https://universalis.app/market/5060
5095,Darksteel Rivets,Maeva Raine,5000,40,2024-02-09T00:15:55.000Z,https://universalis.app/market/5095
2303,Darksteel Buckler,Leo Knightus,2999,1,2024-02-15T10:16:09.000Z,https://universalis.app/market/2303
2304,Spruce Round Shield,Dumbalex Healsyou,1555,1,2024-02-20T17:25:43.000Z,https://universalis.app/market/2304
5379,Treated Spruce Lumber,Yuri Fujiwara,59979,8,2024-02-01T04:29:58.000Z,https://universalis.app/market/5379
2315,Bronze Saw,Komachi Onozuka,1906,1,2024-02-08T19:10:57.000Z,https://universalis.app/market/2315
2318,Initiate's Saw,Vermili Heartwright,4997,1,2024-02-14T02:32:55.000Z,https://universalis.app/market/2318
2319,Bas-relief Iron Saw,Z'uan Nyx,68000,1,2024-02-15T00:59:09.000Z,https://universalis.app/market/2319
2320,Iron Chocobotail Saw,Y'shtara Meowsong,2000,1,2024-02-02T13:19:24.000Z,https://universalis.app/market/2320
2321,Bas-relief Steel Saw,Gisela Westlake,12050,1,2024-02-15T20:16:19.000Z,https://universalis.app/market/2321
2322,Crosscut Saw,Koya Qerel,21000,1,2024-02-17T11:35:03.000Z,https://universalis.app/market/2322
2323,Mythril Saw,Nnyx Anneth,40000,1,2024-02-12T09:24:03.000Z,https://universalis.app/market/2323
2324,Mythril Chocobotail Saw,Raven Auran,16590,1,2024-02-06T01:03:18.000Z,https://universalis.app/market/2324
2325,Bas-relief Cobalt Saw,Ri Kkore,20000,1,2024-02-12T00:35:57.000Z,https://universalis.app/market/2325
2328,Amateur's Claw Hammer,Anima Shu,2000,1,2024-02-01T09:30:18.000Z,https://universalis.app/market/2328
2329,Bronze Claw Hammer,Rin Azzy,894,1,2024-02-08T00:32:24.000Z,https://universalis.app/market/2329
2331,Iron Claw Hammer,Elextri Natmi,50000,1,2024-02-12T19:12:47.000Z,https://universalis.app/market/2331
5483,Jellyfish Humours,Le Me,500,3,2024-01-31T21:58:14.000Z,https://universalis.app/market/5483
2332,Initiate's Claw Hammer,Ser'a Hart,8000,1,2024-01-31T18:07:27.000Z,https://universalis.app/market/2332
2334,Steel Claw Hammer,Salamander Sam,15000,1,2024-01-29T02:09:20.000Z,https://universalis.app/market/2334
2335,Wrapped Steel Claw Hammer,King Bucket,15059,1,2024-02-18T20:37:07.000Z,https://universalis.app/market/2335
5485,Linseed Oil,Alric Faulkner,4000,4,2024-02-25T02:49:52.000Z,https://universalis.app/market/5485
2337,Mythril Claw Hammer,Azie Emet,10000,1,2024-02-03T03:07:23.000Z,https://universalis.app/market/2337
2338,Cobalt Claw Hammer,Adia Amaya,33000,1,2024-02-06T04:54:06.000Z,https://universalis.app/market/2338
2339,Militia Claw Hammer,Ri Kkore,4000,1,2024-02-12T00:35:52.000Z,https://universalis.app/market/2339
2341,Bronze Cross-pein Hammer,Bim Danglefield,10005,1,2024-02-07T00:51:46.000Z,https://universalis.app/market/2341
2342,Amateur's Cross-pein Hammer,Z'uan Nyx,2979,1,2024-02-13T13:27:25.000Z,https://universalis.app/market/2342
2343,Birdsbeak Hammer,Augustus Kane,1700,1,2024-02-01T06:10:43.000Z,https://universalis.app/market/2343
5325,Undyed Cotton Cloth,Ravyn Thurnstone,2500,2,2024-02-19T06:22:09.000Z,https://universalis.app/market/5325
2344,Iron Cross-pein Hammer,Whiter Knight,40000,1,2024-02-06T23:11:02.000Z,https://universalis.app/market/2344
2345,Initiate's Cross-pein Hammer,Niviko Elusive,10000,1,2024-02-09T22:10:38.000Z,https://universalis.app/market/2345
2346,Crowsbeak Hammer,Winter Vermillion,15000,1,2024-02-18T18:21:19.000Z,https://universalis.app/market/2346
2347,Heavy Crowsbeak Hammer,Yuri Fujiwara,3946,1,2024-02-03T08:47:52.000Z,https://universalis.app/market/2347
2348,Steel Cross-pein Hammer,Eley Lalafeley,7057,1,2024-02-21T02:15:00.000Z,https://universalis.app/market/2348
5326,Undyed Velveteen,Adia Amaya,3333,1,2024-02-05T16:15:29.000Z,https://universalis.app/market/5326
2349,Steel Crowsbeak Hammer,Agrael Cousland,11111,1,2024-02-06T19:47:44.000Z,https://universalis.app/market/2349
2350,Wrapped Crowsbeak Hammer,Namaya Mynral,42000,1,2024-02-23T21:05:57.000Z,https://universalis.app/market/2350
2351,Cobalt Cross-pein Hammer,Talla Dega,66666,1,2024-02-19T15:44:31.000Z,https://universalis.app/market/2351
2352,Wrapped Hawksbeak Hammer,Drasinda Trisadel,10990,1,2024-02-03T04:26:48.000Z,https://universalis.app/market/2352
2355,Amateur's File,Hydira Veltryx,2000,1,2024-02-06T21:06:36.000Z,https://universalis.app/market/2355
2356,Bronze File,Zacharius Saerion,1000,1,2024-02-04T23:44:57.000Z,https://universalis.app/market/2356
2358,Iron File,Char-siu Pork,10000,1,2024-01-30T03:13:47.000Z,https://universalis.app/market/2358
2359,Initiate's File,Catrina Kitty,10031,1,2024-02-11T20:39:44.000Z,https://universalis.app/market/2359
2361,Steel File,Aenyxtheis Elyseios,14149,1,2024-02-05T08:33:02.000Z,https://universalis.app/market/2361
2363,Mythril File,Kami Kichi,39000,1,2024-02-06T20:38:52.000Z,https://universalis.app/market/2363
2364,Cobalt File,Ildstorm Djt-dvre,25000,1,2024-01-30T00:11:03.000Z,https://universalis.app/market/2364
2365,Militia File,Akari Sara,50000,1,2024-02-18T08:48:46.000Z,https://universalis.app/market/2365
2367,Bronze Doming Hammer,Cerwyn Cassidy,99,1,2024-02-07T05:24:01.000Z,https://universalis.app/market/2367
2368,Amateur's Doming Hammer,Anima Shu,4978,1,2024-02-05T06:42:26.000Z,https://universalis.app/market/2368
2369,Bronze Raising Hammer,Komachi Onozuka,20011,1,2024-02-08T17:17:48.000Z,https://universalis.app/market/2369
2370,Iron Doming Hammer,Namaya Mynral,5998,1,2024-02-16T03:38:34.000Z,https://universalis.app/market/2370
2371,Initiate's Doming Hammer,Niviko Elusive,13000,1,2024-02-09T22:11:07.000Z,https://universalis.app/market/2371
2372,Iron Raising Hammer,Willow Rivers,10000,1,2024-02-17T18:14:11.000Z,https://universalis.app/market/2372
2373,Wrapped Iron Raising Hammer,Rykku Arkwright,700,1,2024-02-22T03:25:06.000Z,https://universalis.app/market/2373
2374,Steel Doming Hammer,Ryteor Vannes,40000,1,2024-02-23T02:57:57.000Z,https://universalis.app/market/2374
2375,Steel Raising Hammer,Hjek Wolt,25074,1,2024-02-13T00:35:16.000Z,https://universalis.app/market/2375
2376,Cobalt Doming Hammer,Tiphane Iseterre,20000,1,2024-02-01T04:05:52.000Z,https://universalis.app/market/2376
2377,Cobalt Raising Hammer,Salamander Sam,10110,1,2024-02-20T21:15:23.000Z,https://universalis.app/market/2377
2380,Amateur's Pliers,Mango Sundae,3000,1,2024-02-18T23:46:17.000Z,https://universalis.app/market/2380
2381,Bronze Pliers,Komachi Onozuka,450,1,2024-02-08T17:17:41.000Z,https://universalis.app/market/2381
2383,Iron Pliers,Kydo Viridis,15000,1,2024-02-07T02:41:38.000Z,https://universalis.app/market/2383
2384,Initiate's Pliers,Akari Tyatu,3000,1,2024-02-20T01:25:11.000Z,https://universalis.app/market/2384
2386,Steel Pliers,Sigurd Snow-hair,15000,1,2024-02-03T05:42:47.000Z,https://universalis.app/market/2386
2389,Cobalt Pliers,Sara Sixty-nine,20107,1,2024-02-24T18:31:57.000Z,https://universalis.app/market/2389
2390,Militia Pliers,Kiriko Shinsetsu,40000,1,2024-01-29T22:25:18.000Z,https://universalis.app/market/2390
2392,Bronze Chaser Hammer,Rokuyari Malaguld,199,1,2024-02-06T21:58:48.000Z,https://universalis.app/market/2392
2393,Amateur's Chaser Hammer,Alya Octavia,450,1,2024-02-09T00:31:14.000Z,https://universalis.app/market/2393
2394,Bronze Ornamental Hammer,Coold Winters,2999,1,2024-02-01T07:40:18.000Z,https://universalis.app/market/2394
2395,Iron Chaser Hammer,Althea Valorenzzz,7999,1,2024-02-02T11:38:09.000Z,https://universalis.app/market/2395
2396,Initiate's Chaser Hammer,Petra Thorne,10021,1,2024-02-14T03:39:18.000Z,https://universalis.app/market/2396
2398,Steel Chaser Hammer,Alex Starfall,15046,1,2024-02-17T19:34:07.000Z,https://universalis.app/market/2398
2399,Steel Ornamental Hammer,Chlo Yutaty,11162,1,2024-02-14T22:15:26.000Z,https://universalis.app/market/2399
2400,Mythril Ornamental Hammer,Justin Torgud,4000,1,2024-01-29T20:12:31.000Z,https://universalis.app/market/2400
2401,Mythril Lapidary Hammer,Overrated Taco,21192,1,2024-02-11T07:34:46.000Z,https://universalis.app/market/2401
2402,Electrum Lapidary Hammer,Caseyo Abbacchio,20000,1,2024-02-07T08:51:04.000Z,https://universalis.app/market/2402
5183,Tourmaline,Alka Zelka,5002,2,2024-01-29T21:30:35.000Z,https://universalis.app/market/5183
2405,Amateur's Grinding Wheel,Hydira Veltryx,990,1,2024-02-05T18:36:15.000Z,https://universalis.app/market/2405
2406,Ragstone Grinding Wheel,Z'uan Nyx,68000,1,2024-02-13T13:42:28.000Z,https://universalis.app/market/2406
2408,Mudstone Grinding Wheel,Reavy Dunsparrow,29898,1,2024-02-19T06:10:59.000Z,https://universalis.app/market/2408
5229,Mudstone,Petey Tortellini,1000,24,2024-01-31T09:51:13.000Z,https://universalis.app/market/5229
2409,Initiate's Grinding Wheel,Rue L'ette,20000,1,2024-02-08T12:36:40.000Z,https://universalis.app/market/2409
2411,Siltstone Grinding Wheel,Ayase Mori,90000,1,2024-02-12T03:13:21.000Z,https://universalis.app/market/2411
5231,Siltstone,Eris Moonweaver,499,99,2024-02-11T22:17:05.000Z,https://universalis.app/market/5231
5134,Raw Garnet,Biggest Lalafell,1000,2,2024-02-03T00:36:32.000Z,https://universalis.app/market/5134
2414,Basilisk Grinding Wheel,Leggo Myaggro,67669,1,2024-02-03T10:22:52.000Z,https://universalis.app/market/2414
5263,Basilisk Egg,Packed Nicely,898,2,2024-02-03T06:45:41.000Z,https://universalis.app/market/5263
2415,Militia Grinding Wheel,Daighl Orros,49991,1,2024-02-20T02:53:56.000Z,https://universalis.app/market/2415
5158,Astral Rock,Ty'ren Key,4300,1,2024-02-10T19:50:23.000Z,https://universalis.app/market/5158
2417,Bronze Head Knife,Knight Freya,1000,1,2024-02-06T22:52:38.000Z,https://universalis.app/market/2417
2418,Amateur's Head Knife,Z'uan Nyx,2000,1,2024-02-09T02:49:19.000Z,https://universalis.app/market/2418
2419,Brass Head Knife,Astray Eclipse,6500,1,2024-02-19T17:32:31.000Z,https://universalis.app/market/2419
2420,Initiate's Head Knife,Niviko Elusive,11998,1,2024-02-09T22:12:24.000Z,https://universalis.app/market/2420
2421,Iron Round Knife,Althea Valorenzzz,10026,1,2024-02-02T12:15:06.000Z,https://universalis.app/market/2421
2422,Iron Head Knife,Leonard Snart,1000,1,2024-02-19T07:12:07.000Z,https://universalis.app/market/2422
2423,Silver Head Knife,Alynde Cirha,9993,1,2024-02-11T22:34:20.000Z,https://universalis.app/market/2423
2424,Steel Round Knife,Tesah Sovi,700,1,2024-02-05T02:53:23.000Z,https://universalis.app/market/2424
2426,Mythril Round Knife,Sigurd Snow-hair,14999,1,2024-02-14T15:08:53.000Z,https://universalis.app/market/2426
2427,Electrum Head Knife,Kaede Akamatsu,58900,1,2024-01-31T19:40:52.000Z,https://universalis.app/market/2427
2430,Amateur's Awl,Azazel Blaze,700,1,2024-02-03T20:12:53.000Z,https://universalis.app/market/2430
2431,Bronze Awl,Day Dreams,5000,1,2024-02-15T22:50:39.000Z,https://universalis.app/market/2431
2433,Iron Awl,Elextri Natmi,50000,1,2024-02-12T19:49:28.000Z,https://universalis.app/market/2433
2434,Initiate's Awl,Althea Valorenzzz,5023,1,2024-02-02T12:15:11.000Z,https://universalis.app/market/2434
2436,Steel Awl,Autumn Dusk,6000,1,2024-02-13T17:43:44.000Z,https://universalis.app/market/2436
2437,Wrapped Steel Awl,Angel Maverick,10000,1,2024-02-06T09:57:13.000Z,https://universalis.app/market/2437
2439,Mythril Awl,Barred Owl,10000,1,2024-01-29T18:20:42.000Z,https://universalis.app/market/2439
2440,Cobalt Awl,Niviko Elusive,19107,1,2024-02-18T02:18:29.000Z,https://universalis.app/market/2440
2441,Militia Awl,Kiriko Shinsetsu,30000,1,2024-01-29T22:25:24.000Z,https://universalis.app/market/2441
2443,Copper Needle,Sir Zaharra,75,1,2024-02-11T04:39:48.000Z,https://universalis.app/market/2443
2444,Bat Fang Needle,Azazel Blaze,4999,1,2024-02-03T20:58:18.000Z,https://universalis.app/market/2444
2445,Amateur's Needle,Riven Zatoshi,909,1,2024-02-10T00:23:32.000Z,https://universalis.app/market/2445
2446,Brass Needle,Sett Osborne,5000,1,2024-02-04T21:12:51.000Z,https://universalis.app/market/2446
2447,Initiate's Needle,Yuzuruha Mikogami,10000,1,2024-02-07T05:59:39.000Z,https://universalis.app/market/2447
2448,Silver Needle,Yui Kurokawa,6000,1,2024-02-17T15:38:01.000Z,https://universalis.app/market/2448
2449,Worm Fang Needle,Candie Carti,68000,1,2024-02-21T03:00:21.000Z,https://universalis.app/market/2449
5447,Sandworm Fang,Drasinda Trisadel,999,4,2024-02-04T00:38:55.000Z,https://universalis.app/market/5447
2450,Mythril Needle,Lilim Valafar,12000,1,2024-02-16T03:23:51.000Z,https://universalis.app/market/2450
2451,Wolf Fang Needle,Ayase Mori,5000,1,2024-02-11T08:16:11.000Z,https://universalis.app/market/2451
2452,Thousand Needle,Alka Zelka,3000,1,2024-02-01T23:10:33.000Z,https://universalis.app/market/2452
5468,Cactuar Needle,Primula Heart,185,1,2024-02-16T07:27:29.000Z,https://universalis.app/market/5468
2453,Electrum Needle,Finn Valentius,7100,1,2024-01-29T09:32:46.000Z,https://universalis.app/market/2453
2456,Amateur's Spinning Wheel,Z'uan Nyx,199,1,2024-02-09T01:12:01.000Z,https://universalis.app/market/2456
2457,Ash Spinning Wheel,Veis Thunderstruck,3599,1,2024-02-07T16:36:41.000Z,https://universalis.app/market/2457
2459,Initiate's Spinning Wheel,Merinda Sunrider,8900,1,2024-02-04T04:17:57.000Z,https://universalis.app/market/2459
2460,Elm Spinning Wheel,Elextri Natmi,85000,1,2024-02-12T22:29:34.000Z,https://universalis.app/market/2460
2462,Walnut Spinning Wheel,Alka Zelka,21000,1,2024-01-29T21:32:31.000Z,https://universalis.app/market/2462
2464,Mahogany Spinning Wheel,Cinder Apple,19081,1,2024-02-06T19:04:28.000Z,https://universalis.app/market/2464
2465,Rosewood Spinning Wheel,Ri Kkore,26899,1,2024-02-14T07:21:15.000Z,https://universalis.app/market/2465
2466,Militia Spinning Wheel,Kiyah Lancaster,55000,1,2024-02-09T01:59:59.000Z,https://universalis.app/market/2466
2468,Bronze Alembic,Billy Bum,50000,1,2024-01-29T21:10:59.000Z,https://universalis.app/market/2468
2469,Amateur's Alembic,Yuri Fujiwara,9250,1,2024-02-02T20:35:00.000Z,https://universalis.app/market/2469
2470,Brass Alembic,Hydira Veltryx,9000,1,2024-02-25T01:09:55.000Z,https://universalis.app/market/2470
2471,Initiate's Alembic,Ryteor Vannes,3157,1,2024-02-23T02:53:43.000Z,https://universalis.app/market/2471
2472,Iron Alembic,Vermili Heartwright,3001,1,2024-02-10T04:44:07.000Z,https://universalis.app/market/2472
2473,Conical Alembic,Y'shkena Aera,31999,1,2024-02-03T20:06:46.000Z,https://universalis.app/market/2473
2474,Steel Alembic,Laic Hauteur,80,1,2024-01-29T22:40:40.000Z,https://universalis.app/market/2474
2475,Silver Alembic,Faie Faie,10000,1,2024-02-17T22:13:50.000Z,https://universalis.app/market/2475
2476,Mythril Alembic,Yuri Fujiwara,35000,1,2024-02-12T07:07:40.000Z,https://universalis.app/market/2476
2477,Electrum Alembic,Athena Darkpromise,10000,1,2024-02-17T15:50:23.000Z,https://universalis.app/market/2477
2478,Thermal Alembic,Ea Guru,50000,1,2024-01-30T21:12:39.000Z,https://universalis.app/market/2478
2481,Amateur's Mortar,Yuri Fujiwara,500,1,2024-01-29T05:24:11.000Z,https://universalis.app/market/2481
2482,Bronze Mortar,Silver Yue,4498,1,2024-01-31T02:28:24.000Z,https://universalis.app/market/2482
2484,Iron Mortar,Khloe Kisne,50000,1,2024-02-22T06:29:05.000Z,https://universalis.app/market/2484
2485,Initiate's Mortar,Naruto Vowels,15000,1,2024-02-19T23:58:06.000Z,https://universalis.app/market/2485
2487,Steel Mortar,Austyn Kiwamitora,9000,1,2024-02-20T01:33:52.000Z,https://universalis.app/market/2487
2488,Heavy Steel Mortar,Gisela Westlake,15000,1,2024-02-15T20:55:10.000Z,https://universalis.app/market/2488
2490,Mythril Mortar,Rykku Arkwright,18000,1,2024-02-03T04:47:59.000Z,https://universalis.app/market/2490
2491,Cobalt Mortar,Gisela Westlake,50107,1,2024-02-21T20:24:09.000Z,https://universalis.app/market/2491
2492,Militia Mortar,Tator Thot,4000,1,2024-02-10T20:10:19.000Z,https://universalis.app/market/2492
2494,Bronze Skillet,Bim Danglefield,10000,1,2024-02-08T23:37:06.000Z,https://universalis.app/market/2494
2495,Amateur's Skillet,Soft Paws,15000,1,2024-02-13T23:06:01.000Z,https://universalis.app/market/2495
2496,Iron Skillet,Tiberrius Omega,22000,1,2024-02-10T04:56:16.000Z,https://universalis.app/market/2496
2497,Initiate's Skillet,Char-siu Pork,10000,1,2024-01-30T04:05:44.000Z,https://universalis.app/market/2497
2498,Iron Frypan,Lucia Ahhe,28000,1,2024-01-29T12:47:18.000Z,https://universalis.app/market/2498
2499,Bomb Frypan,Lord Mogsworth,4999,1,2024-02-16T08:54:17.000Z,https://universalis.app/market/2499
5528,Bomb Ash,Denny's Grand-slam,700,3,2024-02-12T08:31:17.000Z,https://universalis.app/market/5528
2500,Steel Skillet,Luna Mayham,7053,1,2024-02-21T05:48:09.000Z,https://universalis.app/market/2500
2501,White Skillet,Vaen Jiin,20000,1,2024-02-04T11:32:13.000Z,https://universalis.app/market/2501
2502,Steel Frypan,Ayase Mori,42000,1,2024-02-14T11:05:39.000Z,https://universalis.app/market/2502
2503,Cobalt Skillet,Aerin Reece,10995,1,2024-02-05T22:23:35.000Z,https://universalis.app/market/2503
2504,Hells' Kitchen,Tira Minou,49890,1,2024-02-19T17:11:29.000Z,https://universalis.app/market/2504
2507,Amateur's Culinary Knife,Crimwol Scorchex,3500,1,2024-02-01T08:47:03.000Z,https://universalis.app/market/2507
2508,Bronze Culinary Knife,Mariska Divine,25000,1,2024-02-02T08:54:12.000Z,https://universalis.app/market/2508
2510,Iron Culinary Knife,Astray Eclipse,7999,1,2024-02-01T19:55:36.000Z,https://universalis.app/market/2510
2511,Initiate's Culinary Knife,Ayase Mori,4999,1,2024-02-12T10:31:45.000Z,https://universalis.app/market/2511
2513,Steel Culinary Knife,Koznhevikova Rhiikoro,14053,1,2024-02-04T16:45:44.000Z,https://universalis.app/market/2513
2514,Wrapped Steel Culinary Knife,Clove Lihzeh,7499,1,2024-01-29T12:17:06.000Z,https://universalis.app/market/2514
2516,Mythril Culinary Knife,Alaria Bajhiri,17400,1,2024-02-02T15:57:20.000Z,https://universalis.app/market/2516
2517,Cobalt Culinary Knife,Illidari Nightfall,8000,1,2024-01-30T07:52:47.000Z,https://universalis.app/market/2517
2518,Militia Culinary Knife,Ishgardian Emissary,30000,1,2024-02-06T03:17:22.000Z,https://universalis.app/market/2518
2520,Bronze Pickaxe,Silver Yue,9106,1,2024-01-29T01:29:08.000Z,https://universalis.app/market/2520
2521,Amateur's Pickaxe,Ime Tachibana,25000,1,2024-02-06T01:15:14.000Z,https://universalis.app/market/2521
2522,Plumed Bronze Pickaxe,Healie Bucc,9000,1,2024-02-24T22:39:26.000Z,https://universalis.app/market/2522
2523,Iron Pickaxe,Dino Punch-kick,19978,1,2024-02-11T17:32:13.000Z,https://universalis.app/market/2523
2524,Initiate's Pickaxe,Muxxic Yomby,7001,1,2024-02-12T01:27:23.000Z,https://universalis.app/market/2524
2525,Iron Dolabra,Lyra Bell,60000,1,2024-01-29T23:49:12.000Z,https://universalis.app/market/2525
2526,Steel Pickaxe,Y'shkena Aera,11000,1,2024-02-03T20:06:34.000Z,https://universalis.app/market/2526
2527,Steel Dolabra,Kami Kichi,10056,1,2024-02-06T20:38:32.000Z,https://universalis.app/market/2527
2528,Plumed Mythril Pickaxe,Zarah Ellismarrah,18074,1,2024-02-13T23:39:39.000Z,https://universalis.app/market/2528
5327,Undyed Linen,Agrael Cousland,20000,2,2024-02-07T03:43:52.000Z,https://universalis.app/market/5327
2529,Cobalt Dolabra,Life Ablaze,5000,1,2024-01-31T20:22:21.000Z,https://universalis.app/market/2529
2530,Egret Dolabra,Lavender Rose,49999,1,2024-01-29T02:04:25.000Z,https://universalis.app/market/2530
2534,Bronze Sledgehammer,Noctis Shadowsong,25000,1,2024-02-05T16:15:04.000Z,https://universalis.app/market/2534
2536,Initiate's Sledgehammer,Dino Punch-kick,25000,1,2024-02-11T17:32:19.000Z,https://universalis.app/market/2536
2537,Iron Sledgehammer,Billy Bum,9999,1,2024-01-29T23:00:06.000Z,https://universalis.app/market/2537
2539,Steel Sledgehammer,Vermili Heartwright,50000,1,2024-02-25T01:55:43.000Z,https://universalis.app/market/2539
2540,Wrapped Steel Sledgehammer,Azazel Blaze,17000,1,2024-02-17T19:52:24.000Z,https://universalis.app/market/2540
2542,Mythril Sledgehammer,Kuro Nightstorm,24000,1,2024-02-20T05:18:45.000Z,https://universalis.app/market/2542
2543,Cobalt Sledgehammer,Billy Bum,50000,1,2024-02-01T09:23:14.000Z,https://universalis.app/market/2543
2544,Militia Sledgehammer,Krusos Aureus,50000,1,2024-02-16T02:50:37.000Z,https://universalis.app/market/2544
2546,Bronze Hatchet,Azazel Blaze,15000,1,2024-02-03T06:59:21.000Z,https://universalis.app/market/2546
2547,Amateur's Hatchet,Azazel Blaze,15109,1,2024-02-07T08:25:09.000Z,https://universalis.app/market/2547
2548,Iron Hatchet,Ime Tachibana,30000,1,2024-02-05T21:53:58.000Z,https://universalis.app/market/2548
2549,Initiate's Hatchet,Sumire Tenshi,19979,1,2024-02-20T04:00:47.000Z,https://universalis.app/market/2549
2550,Brass Hatchet,Sky Eclipse,7500,1,2024-02-18T03:38:47.000Z,https://universalis.app/market/2550
2551,Plumed Iron Hatchet,Lentil Likethesoup,40000,1,2024-02-21T21:59:54.000Z,https://universalis.app/market/2551
5359,Chocobo Feather,Cassius Roman,5555,2,2024-02-07T00:54:20.000Z,https://universalis.app/market/5359
2552,Steel Hatchet,Azazel Blaze,30053,1,2024-02-17T19:48:24.000Z,https://universalis.app/market/2552
2553,Plumed Steel Hatchet,Mi'yuki Tsukino,11000,1,2024-02-23T06:42:51.000Z,https://universalis.app/market/2553
2554,Mythril Hatchet,Wool Medley,12500,1,2024-02-03T15:14:48.000Z,https://universalis.app/market/2554
2555,Cobalt Hatchet,Spaghetti Chan,50000,1,2024-02-13T16:23:03.000Z,https://universalis.app/market/2555
2556,Horned Hatchet,Gisela Westlake,79910,1,2024-02-23T21:51:01.000Z,https://universalis.app/market/2556
2560,Bronze Scythe,Yin Kanrui,8000,1,2024-02-07T20:03:23.000Z,https://universalis.app/market/2560
2562,Iron Scythe,Verona Void,2500,1,2024-02-16T00:48:31.000Z,https://universalis.app/market/2562
2563,Initiate's Scythe,Sky Eclipse,1000,1,2024-02-18T03:37:51.000Z,https://universalis.app/market/2563
2565,Steel Scythe,Fluffy Doughnut,21000,1,2024-02-08T21:39:36.000Z,https://universalis.app/market/2565
2566,Wrapped Steel Scythe,Kiyah Lancaster,10065,1,2024-02-08T02:09:46.000Z,https://universalis.app/market/2566
2568,Mythril Scythe,Melia Kah,30000,1,2024-02-15T21:58:43.000Z,https://universalis.app/market/2568
2570,Militia Scythe,Manny Catbois,30000,1,2024-02-04T21:34:54.000Z,https://universalis.app/market/2570
2572,Maple Fishing Rod,Hanamura Bunny,21106,1,2024-01-29T11:06:48.000Z,https://universalis.app/market/2572
2573,Amateur's Fishing Rod,Tatsumi Foxx,19000,1,2024-02-19T17:50:47.000Z,https://universalis.app/market/2573
2574,Elm Fishing Rod,Morn Draugr,20000,1,2024-02-10T08:37:19.000Z,https://universalis.app/market/2574
2575,Initiate's Fishing Rod,Liara Kira,6900,1,2024-01-30T22:01:20.000Z,https://universalis.app/market/2575
2576,Yew Fishing Rod,Ravyn Thurnstone,60000,1,2024-02-19T03:06:35.000Z,https://universalis.app/market/2576
2577,Staghorn Fishing Rod,Home Depot,75000,1,2024-02-14T21:43:23.000Z,https://universalis.app/market/2577
2578,Walnut Fishing Rod,Argerith Hallow,32000,1,2024-02-04T02:28:18.000Z,https://universalis.app/market/2578
2579,Horn Fishing Rod,Freyja Froo,6400,1,2024-01-30T03:03:11.000Z,https://universalis.app/market/2579
2580,Mahogany Fishing Rod,Candy Sugarush,40000,1,2024-01-30T13:25:01.000Z,https://universalis.app/market/2580
2581,Rosewood Fishing Rod,Avalynn Myst,70000,1,2024-02-08T03:51:15.000Z,https://universalis.app/market/2581
2582,Gilded Rosewood Fishing Rod,Yucoco Yuco,45000,1,2024-02-11T01:30:48.000Z,https://universalis.app/market/2582
2588,Crayfish Ball,Zain Akemi,500,15,2024-02-05T21:58:21.000Z,https://universalis.app/market/2588
4825,Rye Flour,Azazel Blaze,980,92,2024-02-10T23:14:50.000Z,https://universalis.app/market/4825
4925,Crayfish,Namaya Mynral,1000,5,2024-02-14T08:47:41.000Z,https://universalis.app/market/4925
2589,Goby Ball,Corpse Zily,1000,99,2024-02-14T13:15:22.000Z,https://universalis.app/market/2589
4931,Dusk Goby,Rs Na,10000000,1,2024-01-30T02:44:30.000Z,https://universalis.app/market/4931
2593,Crab Ball,Shield Bae,55,10,2024-02-01T02:19:44.000Z,https://universalis.app/market/2593
4880,Helmet Crab,Azazel Blaze,4000,20,2024-02-10T23:13:47.000Z,https://universalis.app/market/4880
2595,Bass Ball,Mo Fu,80,99,2024-02-06T10:39:28.000Z,https://universalis.app/market/2595
4826,Sunset Wheat Flour,Biggest Lalafell,500,9,2024-02-16T22:45:50.000Z,https://universalis.app/market/4826
4959,Dark Bass,Evelyn Summers,2000,5,2024-02-05T17:21:49.000Z,https://universalis.app/market/4959
2598,Herring Ball,Corpse Zily,100,40,2024-02-16T15:09:06.000Z,https://universalis.app/market/2598
4895,Indigo Herring,Eeveeh Tami,1000,4,2024-02-08T01:18:24.000Z,https://universalis.app/market/4895
2610,Chocobo Fly,T'kalla Menh,1000,1,2024-02-18T11:21:22.000Z,https://universalis.app/market/2610
2611,Floating Minnow,Beautiful Birdy,3000,37,2024-01-30T20:22:41.000Z,https://universalis.app/market/2611
2612,Brass Spoon Lure,Modomori Ulfreign,44,90,2024-02-18T20:49:12.000Z,https://universalis.app/market/2612
2614,Crow Fly,Alka Zelka,11111,99,2024-02-05T22:32:42.000Z,https://universalis.app/market/2614
2615,Silver Spoon Lure,Rave D'hephaestus,600,2,2024-02-02T00:08:04.000Z,https://universalis.app/market/2615
2616,Steel Jig,Marilee Cherii,2000,3,2024-01-29T15:11:26.000Z,https://universalis.app/market/2616
2617,Sinking Minnow,Mo Fu,3000,5,2024-01-31T14:42:41.000Z,https://universalis.app/market/2617
2618,Snurble Fly,Cutscene Andy,5000,5,2024-02-19T05:59:32.000Z,https://universalis.app/market/2618
5349,Snurble Tufts,Ririshan Rereshan,1999,2,2024-02-09T17:17:59.000Z,https://universalis.app/market/5349
2619,Heavy Steel Jig,Keiko Mihata,5000,5,2024-02-17T15:51:41.000Z,https://universalis.app/market/2619
2620,Spinner,Krusos Aureus,4999,13,2024-02-25T19:21:35.000Z,https://universalis.app/market/2620
4900,Whitelip Oyster,Bonana Nana,3000,2,2024-01-30T20:21:36.000Z,https://universalis.app/market/4900
2622,Mythril Spoon Lure,Spllyn Iam,2500,3,2024-02-03T07:39:46.000Z,https://universalis.app/market/2622
2623,Wildfowl Fly,Rave D'hephaestus,6000,6,2024-02-01T17:28:14.000Z,https://universalis.app/market/2623
2624,Topwater Frog,Violet Rae,5012,10,2024-02-22T21:55:47.000Z,https://universalis.app/market/2624
2625,Rainbow Spoon Lure,Zedhryx Nox,4000,5,2024-02-03T03:13:02.000Z,https://universalis.app/market/2625
5466,Blacklip Oyster,Masumi Kai,4130,2,2024-02-18T19:00:25.000Z,https://universalis.app/market/5466
2626,Spinnerbait,Mo Fu,40000,7,2024-02-02T02:29:17.000Z,https://universalis.app/market/2626
5329,Undyed Felt,Adia Amaya,15000,1,2024-02-06T22:05:04.000Z,https://universalis.app/market/5329
2627,Streamer,Catnip Lacroix,3000,5,2024-02-02T04:33:11.000Z,https://universalis.app/market/2627
2628,Yumizuno,Luna Lovegoode,5000,5,2024-02-02T23:49:14.000Z,https://universalis.app/market/2628
2629,Hempen Coif,Mikoto Misaka,25600000,1,2024-02-06T23:51:24.000Z,https://universalis.app/market/2629
2630,Hempen Coif of Gathering,Idyn Selfin,2000,1,2024-02-03T06:01:11.000Z,https://universalis.app/market/2630
2631,Leather Calot,Adamantoise Stash,113924842,1,2024-01-30T00:07:15.000Z,https://universalis.app/market/2631
2650,Company Hat,Lucine Kurage,950000,1,2024-02-17T02:15:14.000Z,https://universalis.app/market/2650
12590,Ramie Cloth,Merinda Sunrider,4000,2,2024-02-18T04:11:42.000Z,https://universalis.app/market/12590
12595,Ramie Thread,Joya Watari,3550,5,2024-02-07T02:18:54.000Z,https://universalis.app/market/12595
2652,Hempen Bandana,Pavao Astolla,7500,1,2024-02-03T23:30:59.000Z,https://universalis.app/market/2652
2653,Leather Eyepatch,Klivian Tamsra,10000000,1,2024-02-18T02:32:54.000Z,https://universalis.app/market/2653
2654,Hard Leather Pot Helm,Rin Azzy,4111,1,2024-02-08T00:31:35.000Z,https://universalis.app/market/2654
2655,Hempen Hat,Darkhosis Vii,20000,1,2024-02-08T16:12:59.000Z,https://universalis.app/market/2655
2656,Bronze Chain Coif,Lil' Xan',999003,1,2024-02-11T21:56:22.000Z,https://universalis.app/market/2656
5081,Bronze Rings,Z'uan Nyx,240,2,2024-02-09T23:37:34.000Z,https://universalis.app/market/5081
2658,Straw Hat,Ishtar Vhuh,1500000,1,2024-02-19T03:39:37.000Z,https://universalis.app/market/2658
5342,Straw,Raih'li Garanti,300,99,2024-02-06T22:25:02.000Z,https://universalis.app/market/5342
2660,Amateur's Headgear,Sai Hattori,2300,1,2024-02-09T22:22:15.000Z,https://universalis.app/market/2660
2661,Amateur's Hempen Coif,Bry B'good,7500,1,2024-02-24T07:15:48.000Z,https://universalis.app/market/2661
2662,Bronze Sallet,Azie Emet,20005,1,2024-02-15T06:25:23.000Z,https://universalis.app/market/2662
2663,Stablemaid's Hat,Soft Paws,12500,1,2024-02-13T02:48:44.000Z,https://universalis.app/market/2663
5540,Carnation,Yuki Firebird,870,1,2024-02-07T23:04:29.000Z,https://universalis.app/market/5540
2664,Bronze Barbut,Rokuyari Malaguld,605,1,2024-02-15T23:25:54.000Z,https://universalis.app/market/2664
2665,Cotton Turban,Cerwyn Cassidy,1000,1,2024-02-14T16:49:40.000Z,https://universalis.app/market/2665
2666,Stablehand's Hat,Caseyo Abbacchio,6000,1,2024-02-16T02:07:51.000Z,https://universalis.app/market/2666
2668,Brass Spectacles,Aisuru Tenshi,20006,1,2024-02-09T19:59:16.000Z,https://universalis.app/market/2668
5512,Clear Glass Lens,Fumino Furuhashi,1069,4,2024-02-03T19:12:58.000Z,https://universalis.app/market/5512
2669,Hard Leather Eyepatch,Apollo Fugue,1000,1,2024-02-01T19:50:18.000Z,https://universalis.app/market/2669
2670,Cotton Scarf,Sasaki Rin,30870000,1,2024-02-16T05:28:13.000Z,https://universalis.app/market/2670
2672,Hard Leather Skullcap,Alka Zelka,9000,1,2024-02-05T21:23:45.000Z,https://universalis.app/market/2672
2673,Bronze Celata,Verona Void,1500,1,2024-02-16T00:48:41.000Z,https://universalis.app/market/2673
2675,Ash Mask,Jinro Omi,30000,1,2024-01-31T17:30:31.000Z,https://universalis.app/market/2675
2677,Hunting Hat,Alain Kazpa,11500,1,2024-02-01T19:47:58.000Z,https://universalis.app/market/2677
2680,Decorated Bronze Barbut,E'fran S'effant,24999,1,2024-01-31T18:14:13.000Z,https://universalis.app/market/2680
2685,Brass Circlet (Sunstone),Adel Pandora,20000,1,2024-02-10T23:18:37.000Z,https://universalis.app/market/2685
5169,Sunstone,Jack Korvyne,284,1,2024-01-29T23:02:56.000Z,https://universalis.app/market/5169
2687,Brass Circlet (Danburite),Ryukuzo Wintersoul,3009,1,2024-02-12T20:56:43.000Z,https://universalis.app/market/2687
5170,Danburite,Juna Mimsu,91,94,2024-02-21T10:02:26.000Z,https://universalis.app/market/5170
2689,Brass Circlet (Malachite),June Cervantes,19999,1,2024-02-12T06:47:05.000Z,https://universalis.app/market/2689
5171,Malachite,Eogan Bruvvins,1000,8,2024-02-19T17:23:05.000Z,https://universalis.app/market/5171
2691,Brass Circlet (Sphene),Soft Paws,4409,1,2024-02-13T02:48:29.000Z,https://universalis.app/market/2691
5172,Sphene,Russell Raspberry,298,2,2024-02-09T04:59:32.000Z,https://universalis.app/market/5172
2693,Brass Circlet (Fluorite),Psykotic Storm,885,1,2024-02-03T20:56:58.000Z,https://universalis.app/market/2693
5173,Fluorite,Akagi Shirogane,299,2,2024-02-04T19:39:55.000Z,https://universalis.app/market/5173
2695,Brass Circlet (Lapis Lazuli),Rokuyari Malaguld,309,1,2024-02-16T23:59:31.000Z,https://universalis.app/market/2695
5174,Lapis Lazuli,Zacharius Saerion,169,2,2024-02-16T16:32:29.000Z,https://universalis.app/market/5174
2697,Goatskin Pot Helm,Vermili Heartwright,12997,1,2024-02-08T03:12:14.000Z,https://universalis.app/market/2697
2699,Cotton Coif,Eldie Chaunollet,8999,1,2024-02-09T01:35:16.000Z,https://universalis.app/market/2699
2700,Cotton Coif of Gathering,Billy Bum,68000,1,2024-01-29T23:01:42.000Z,https://universalis.app/market/2700
2703,Ash Mask (Lapis Lazuli),Astray Eclipse,15000,1,2024-02-19T21:24:46.000Z,https://universalis.app/market/2703
2708,Iron Sallet,Vermili Heartwright,3000,1,2024-02-08T03:11:17.000Z,https://universalis.app/market/2708
2710,Goatskin Eyepatch,Pallas Arziant,7950,1,2024-02-09T07:31:35.000Z,https://universalis.app/market/2710
2712,Iron Celata,Niviko Elusive,2000,1,2024-02-02T00:29:18.000Z,https://universalis.app/market/2712
5082,Iron Rings,Logan Fox,9998,1,2024-02-14T03:32:44.000Z,https://universalis.app/market/5082
2714,Initiate's Headgear,Char-siu Pork,49999,1,2024-01-30T03:11:45.000Z,https://universalis.app/market/2714
2719,Cotton Sugarloaf Hat,Seraphine Fleur,180000000,1,2024-02-16T22:58:53.000Z,https://universalis.app/market/2719
2723,Iron Elmo,Steevon Dejiki,50000,1,2024-02-25T02:22:22.000Z,https://universalis.app/market/2723
2725,Reinforced Iron Sallet,Visera Reau,5000,1,2024-01-30T11:54:14.000Z,https://universalis.app/market/2725
2727,Velveteen Bandana,Alka Zelka,68000,1,2024-02-05T23:31:31.000Z,https://universalis.app/market/2727
2728,Silver Spectacles,Rose Merick,20000,1,2024-02-12T23:44:25.000Z,https://universalis.app/market/2728
2729,Velveteen Turban,Sadie Mistwalker,19000,1,2024-02-23T22:21:52.000Z,https://universalis.app/market/2729
2731,Silver Magnifiers,Elara Umbra,10000,1,2024-02-01T14:37:47.000Z,https://universalis.app/market/2731
2733,Velveteen Wedge Cap of Crafting,Ri Kkore,22500,1,2024-02-14T05:32:44.000Z,https://universalis.app/market/2733
2734,Velveteen Wedge Cap of Gathering,Nerain Wolfe,33021,1,2024-02-05T01:22:06.000Z,https://universalis.app/market/2734
2735,Silver Circlet (Garnet),Talla Dega,20000,1,2024-02-05T02:21:02.000Z,https://universalis.app/market/2735
5175,Garnet,Silas Othemaas,1052,2,2024-02-21T14:46:21.000Z,https://universalis.app/market/5175
2737,Silver Circlet (Goshenite),Khaja Mol,19000,1,2024-02-06T09:39:54.000Z,https://universalis.app/market/2737
5176,Goshenite,Mika Kitt,500,2,2024-02-13T21:21:04.000Z,https://universalis.app/market/5176
2739,Silver Circlet (Peridot),Ry'neuth Keki,5000,1,2024-02-03T05:59:05.000Z,https://universalis.app/market/2739
5177,Peridot,Alka Zelka,1500,4,2024-02-02T01:52:20.000Z,https://universalis.app/market/5177
2741,Silver Circlet (Heliodor),Zekna Weirdboy,4499,1,2024-02-02T06:30:09.000Z,https://universalis.app/market/2741
5178,Heliodor,Ayshia Lafon,1500,6,2024-02-09T01:40:40.000Z,https://universalis.app/market/5178
2743,Silver Circlet (Amethyst),Nononji Rurunji,25000,1,2024-02-13T11:38:48.000Z,https://universalis.app/market/2743
5179,Amethyst,Mjara Rose,600,2,2024-02-24T22:25:34.000Z,https://universalis.app/market/5179
2745,Silver Circlet (Aquamarine),Saoirse Mizuyama,4999,1,2024-02-03T22:09:28.000Z,https://universalis.app/market/2745
5180,Aquamarine,Makota Valorae,121,1,2024-02-05T06:46:58.000Z,https://universalis.app/market/5180
2750,Velveteen Beret,Arawynn Kyllon,25000,1,2024-02-04T18:40:01.000Z,https://universalis.app/market/2750
5343,Cotton Boll,Fibit Lancaster,100001,1,2024-02-08T17:29:08.000Z,https://universalis.app/market/5343
5355,Dodo Feather,Nezhadur Baihkol,315000,1,2024-01-30T05:50:20.000Z,https://universalis.app/market/5355
2753,Steel Sallet,Lyra Bell,39999,1,2024-01-29T23:49:24.000Z,https://universalis.app/market/2753
2755,Steel Celata,Aiden Haze,13000,1,2024-02-21T03:50:15.000Z,https://universalis.app/market/2755
2757,Vintage Celata,Alight Endarknes,20047,1,2024-02-01T23:14:34.000Z,https://universalis.app/market/2757
2667,Dented Celata,Sefi Asta,2030,1,2024-02-09T08:47:03.000Z,https://universalis.app/market/2667
2758,Steel Goggles,Sadia Tasir,35500,1,2024-01-30T17:50:10.000Z,https://universalis.app/market/2758
2763,Velveteen Sugarloaf Hat,Lunei Solei,25000,1,2024-02-09T14:55:33.000Z,https://universalis.app/market/2763
2765,Steel Elmo,Lexi Scout,70000,1,2024-02-19T17:13:32.000Z,https://universalis.app/market/2765
2767,Skull Eyepatch,Elenoir Spellheart,39930,1,2024-02-12T03:50:44.000Z,https://universalis.app/market/2767
2769,Mythril Magnifiers,Dark Sunshine,8000,1,2024-01-31T03:08:38.000Z,https://universalis.app/market/2769
2774,Mythril Spectacles,Sanura Winterfrost,20047,1,2024-01-30T02:34:01.000Z,https://universalis.app/market/2774
2776,Linen Turban,Dino Punch-kick,22000,1,2024-02-11T18:46:54.000Z,https://universalis.app/market/2776
2778,Angler's Hat,Smeagle Neshbit,68000,1,2024-02-15T07:01:06.000Z,https://universalis.app/market/2778
2779,Linen Hat,Ember Ryu,50000,1,2024-02-21T02:10:48.000Z,https://universalis.app/market/2779
2785,Vintage Chef's Hat,Myth Drannor,25000,1,2024-02-14T00:17:54.000Z,https://universalis.app/market/2785
2786,Steel Barbut,Yynnsaroh Vonhelena,18040,1,2024-02-07T23:31:30.000Z,https://universalis.app/market/2786
2788,Boarskin Pot Helm,Bac'n-chese Burrrg,35000,1,2024-02-09T20:52:53.000Z,https://universalis.app/market/2788
2790,Mythril Circlet (Rubellite),Slickstoner Angel,25000,1,2024-02-11T10:22:36.000Z,https://universalis.app/market/2790
5181,Rubellite,Odjin Yorae,900,2,2024-02-24T03:44:22.000Z,https://universalis.app/market/5181
2792,Mythril Circlet (Zircon),Logan Fox,21000,1,2024-02-13T00:33:08.000Z,https://universalis.app/market/2792
5182,Zircon,Agrael Cousland,2100,1,2024-02-06T20:44:34.000Z,https://universalis.app/market/5182
2794,Mythril Circlet (Tourmaline),Free Boulder,30041,1,2024-02-18T05:39:31.000Z,https://universalis.app/market/2794
2796,Mythril Circlet (Amber),Cookiez Coffee,10575,1,2024-02-18T04:52:47.000Z,https://universalis.app/market/2796
5184,Amber,Agrael Cousland,5000,1,2024-02-06T20:44:23.000Z,https://universalis.app/market/5184
2798,Mythril Circlet (Spinel),Finn Valentius,3485,1,2024-02-05T21:12:20.000Z,https://universalis.app/market/2798
5185,Spinel,Veezra Silksong,2500,2,2024-02-07T03:13:34.000Z,https://universalis.app/market/5185
2800,Mythril Circlet (Turquoise),Nambi Ferrara,1000,1,2024-02-21T07:44:27.000Z,https://universalis.app/market/2800
5186,Turquoise,Vast Peach,399,1,2024-02-08T18:28:29.000Z,https://universalis.app/market/5186
2802,Mythril Elmo,Day Dreams,35000,1,2024-01-29T23:55:15.000Z,https://universalis.app/market/2802
2804,Linen Wedge Cap of Crafting,Celestaux Copperbell,8500,1,2024-01-30T01:15:51.000Z,https://universalis.app/market/2804
2805,Linen Wedge Cap of Gathering,Cosza Add,500000000,1,2024-02-07T03:06:57.000Z,https://universalis.app/market/2805
2806,Woolen Coif,Sophia Z'ee,10000,1,2024-02-05T21:49:19.000Z,https://universalis.app/market/2806
5328,Undyed Woolen Cloth,Azazel Blaze,15000,33,2024-02-07T15:56:10.000Z,https://universalis.app/market/5328
2808,Woolen Coif of Gathering,Reese Reese,16999,1,2024-02-03T18:50:05.000Z,https://universalis.app/market/2808
2810,Woolen Turban,Tyon Allenmoore,20000,1,2024-01-30T04:53:08.000Z,https://universalis.app/market/2810
2812,Mythril Celata,Arctor Blackthorne,23000,1,2024-02-08T03:46:21.000Z,https://universalis.app/market/2812
5089,Mythril Rings,Lord Mogsworth,2995,4,2024-02-19T00:55:23.000Z,https://universalis.app/market/5089
2814,Woolen Hat,Atticus Skyfire,30000,1,2024-02-01T02:33:15.000Z,https://universalis.app/market/2814
2816,Linen Deerstalker,Baiken Mito,30000,1,2024-01-29T03:32:47.000Z,https://universalis.app/market/2816
2817,Mythril Barbut,Sigurd Snow-hair,25000,1,2024-02-09T14:50:04.000Z,https://universalis.app/market/2817
2819,Mythril Mesail,Aelfric Nani,20000,1,2024-02-08T06:12:33.000Z,https://universalis.app/market/2819
2825,Ranger's Hat,Hachiro Hara,800,1,2024-02-17T03:19:03.000Z,https://universalis.app/market/2825
2829,Woolen Beret,Kana Xiao,23750000,1,2024-02-11T19:15:18.000Z,https://universalis.app/market/2829
5348,Apkallu Down,Lilim Valafar,4000,6,2024-02-16T04:24:11.000Z,https://universalis.app/market/5348
2830,Reinforced Mythril Elmo,Kei Joi,48000,1,2024-01-29T01:53:30.000Z,https://universalis.app/market/2830
2832,Woolen Cavalier's Hat,Asatsuyu Lotus,3100,1,2024-02-10T02:33:49.000Z,https://universalis.app/market/2832
2834,Cobalt Preserves,Modomori Ulfreign,25300,1,2024-02-19T03:46:42.000Z,https://universalis.app/market/2834
2835,Felt Coif,Sigurd Snow-hair,19999,1,2024-02-18T14:58:03.000Z,https://universalis.app/market/2835
2837,Felt Coif of Gathering,Brathgar Inivisch,22500,1,2024-02-10T00:41:14.000Z,https://universalis.app/market/2837
2850,Cobalt Elmo,Koya Qerel,20000,1,2024-02-07T01:28:53.000Z,https://universalis.app/market/2850
2852,Felt Hat,Harmony Lightfoot,20000,1,2024-02-08T23:29:32.000Z,https://universalis.app/market/2852
2854,Woolen Deerstalker,Letum Imminere,35000000,1,2024-02-18T21:10:55.000Z,https://universalis.app/market/2854
2855,Vintage Jester's Cap,Takemi Tae,25000,1,2024-02-21T21:27:37.000Z,https://universalis.app/market/2855
2702,Moldering Jester's Cap,Nirici Icirin,7000,1,2024-02-02T10:39:45.000Z,https://universalis.app/market/2702
2857,Electrum Monocle,Olivia Layne,45500,1,2024-02-08T00:28:54.000Z,https://universalis.app/market/2857
5087,Brass Rings,Apollo Fugue,5,2,2024-02-03T17:04:35.000Z,https://universalis.app/market/5087
2859,Cobalt Barbut,Lusserina Vul,70000,1,2024-02-04T16:46:37.000Z,https://universalis.app/market/2859
2861,Cobalt Mesail,Talon Barns,27999,1,2024-02-03T11:20:06.000Z,https://universalis.app/market/2861
2862,Raptorskin Pot Helm,Mana Dejiki,10000,1,2024-01-29T17:44:29.000Z,https://universalis.app/market/2862
2870,Electrum Circlet (Rubellite),Lansai Blackheart,37000,1,2024-01-31T02:54:58.000Z,https://universalis.app/market/2870
2872,Electrum Circlet (Zircon),King Cyrus,31111,1,2024-02-24T05:49:20.000Z,https://universalis.app/market/2872
2874,Electrum Circlet (Tourmaline),Siren Soothsinger,2361,1,2024-02-03T01:24:49.000Z,https://universalis.app/market/2874
2876,Electrum Circlet (Amber),Uma Viotto,34000,1,2024-01-31T00:46:54.000Z,https://universalis.app/market/2876
2878,Electrum Circlet (Spinel),Uma Viotto,38000,1,2024-01-31T00:47:09.000Z,https://universalis.app/market/2878
2882,Rainmaker's Hat,Arisa Aino,30000,1,2024-02-23T23:52:07.000Z,https://universalis.app/market/2882
2884,Cobalt Chain Coif,Cy Maxima,19999,1,2024-02-03T21:36:18.000Z,https://universalis.app/market/2884
5084,Cobalt Rings,Caleb Sapphire,2100,1,2024-02-08T01:41:45.000Z,https://universalis.app/market/5084
2886,Felt Beret,Billy Bum,44999,1,2024-02-01T09:23:35.000Z,https://universalis.app/market/2886
2888,Vintage Coif,Kraze Norrix,35000,1,2024-02-18T19:56:47.000Z,https://universalis.app/market/2888
2759,Torn Coif,Fenrir Stormbringer,25000,1,2024-02-17T03:01:59.000Z,https://universalis.app/market/2759
2889,Cobalt Celata,Val Maerion,2700,1,2024-01-30T02:01:48.000Z,https://universalis.app/market/2889
2891,Felt Cavalier's Hat,Celes Cherie,62000,1,2024-02-05T18:26:29.000Z,https://universalis.app/market/2891
2893,Cobalt Sallet,Lusserina Vul,70000,1,2024-02-04T19:34:01.000Z,https://universalis.app/market/2893
2895,Patrician's Wedge Cap,Artanaro Anirniq,49999,1,2024-02-06T01:56:03.000Z,https://universalis.app/market/2895
2911,Militia Barbut,Ren Ryozen,7972,1,2024-02-02T16:32:21.000Z,https://universalis.app/market/2911
2912,Militia Armet,Bun Strife,1197,1,2024-02-22T06:03:23.000Z,https://universalis.app/market/2912
2913,Militia Hat,Mako Belnades,2995,1,2024-02-04T13:58:26.000Z,https://universalis.app/market/2913
2915,Silver Tricorne,Dezkiimro Avagnar,12000,1,2024-02-18T09:50:21.000Z,https://universalis.app/market/2915
5287,Uraeus Leather,Ashvena Maq'to,8000,2,2024-02-15T09:43:53.000Z,https://universalis.app/market/5287
2921,Blacksmith's Goggles,Dermot Elakha,20999,1,2024-02-06T00:36:45.000Z,https://universalis.app/market/2921
2922,Armorer's Visor,Aki Musa,10072,1,2024-01-30T12:08:17.000Z,https://universalis.app/market/2922
2923,Goldsmith's Turban,Illidas Avalee,48801,1,2024-02-10T03:55:00.000Z,https://universalis.app/market/2923
2925,Weaver's Gibus,Alka Zelka,69999,1,2024-02-01T23:07:39.000Z,https://universalis.app/market/2925
2926,Alchemist's Monocle,Azazel Blaze,34000,1,2024-02-07T08:07:26.000Z,https://universalis.app/market/2926
2927,Culinarian's Hat,Illidari Nightfall,50000,1,2024-01-30T08:26:16.000Z,https://universalis.app/market/2927
2928,Hamlet Digger's Helmet,Ciri Destajador-a,55000,1,2024-02-08T08:15:04.000Z,https://universalis.app/market/2928
2929,Hamlet Cutter's Hat,Reede Djt-dvre,69999,1,2024-02-16T10:29:31.000Z,https://universalis.app/market/2929
2930,Hamlet Puller's Hat,Dinah Mirtheart,69999,1,2024-01-30T17:51:47.000Z,https://universalis.app/market/2930
2932,Rose Gold Circlet,Kiri Snowfoxx,4210,1,2024-02-11T00:05:02.000Z,https://universalis.app/market/2932
2931,Legionary Visor,Am'e Luna'rgra,1000,1,2024-02-19T07:04:13.000Z,https://universalis.app/market/2931
5067,Rose Gold Ingot,Nezhadur Baihkol,704,19,2024-02-02T09:18:23.000Z,https://universalis.app/market/5067
2934,Imperial Operative Hat,Shiohei Namikaze,4987,1,2024-02-05T17:07:34.000Z,https://universalis.app/market/2934
2938,Gryphonskin Bandana,Silvia Mehdre,3000,1,2024-02-17T18:43:16.000Z,https://universalis.app/market/2938
5289,Hard Hippogryph Leather,Vees Savage,9999,2,2024-01-29T01:53:25.000Z,https://universalis.app/market/5289
2939,Gryphonskin Hat,Puppy Lover,2150,1,2024-01-31T23:23:32.000Z,https://universalis.app/market/2939
2940,Darksteel Chain Coif,Stygian Eclipse,750,1,2024-02-23T05:41:49.000Z,https://universalis.app/market/2940
5085,Darksteel Rings,Sarangerel Kha,495,2,2024-02-04T05:45:43.000Z,https://universalis.app/market/5085
2941,Vanya Hat of Casting,Oni Turtle,9449,1,2024-02-10T23:17:18.000Z,https://universalis.app/market/2941
5577,Vanya Silk Hat Lining,Didrianna Winterset,2024,2,2024-02-15T03:47:39.000Z,https://universalis.app/market/5577
2942,Vanya Hat of Healing,Baidur Haragin,9440,1,2024-01-29T07:01:10.000Z,https://universalis.app/market/2942
2958,Hempen Dalmatica,Talla Dega,4003,1,2024-02-03T18:41:28.000Z,https://universalis.app/market/2958
2959,Hempen Dalmatica of Gathering,Madam Krysis,14627356,1,2024-02-03T00:20:56.000Z,https://universalis.app/market/2959
2960,Hempen Tunic,Osknru Xbfikm,450000000,1,2024-02-12T01:47:08.000Z,https://universalis.app/market/2960
2961,Hempen Kurta,Raikyo Deus,38500000,1,2024-02-05T05:20:39.000Z,https://universalis.app/market/2961
2993,Company Tabard,Robin Lockehart,1300001,1,2024-02-01T01:15:33.000Z,https://universalis.app/market/2993
2996,Hempen Undershirt,Riven Zatoshi,25000,1,2024-02-10T00:24:04.000Z,https://universalis.app/market/2996
2997,Hempen Camise,Lyra Aidoneus,100000,1,2024-02-04T00:24:52.000Z,https://universalis.app/market/2997
2999,Hempen Tabard,Z'uan Nyx,19994,1,2024-02-09T23:36:51.000Z,https://universalis.app/market/2999
3000,Hempen Cowl,Shi Tsu,25000000,1,2024-02-20T23:17:21.000Z,https://universalis.app/market/3000
3001,Hempen Shepherd's Tunic,Z'uan Nyx,40000,1,2024-02-13T12:51:21.000Z,https://universalis.app/market/3001
3008,Hempen Acton,Caseyo Abbacchio,3000,1,2024-02-09T23:30:00.000Z,https://universalis.app/market/3008
5341,Moko Grass,Lilith Nox,1000,99,2024-01-30T00:37:36.000Z,https://universalis.app/market/5341
3010,Hempen Halfrobe,Tataruu Taru,8999,1,2024-02-14T23:41:49.000Z,https://universalis.app/market/3010
3011,Bronze Haubergeon,Hydira Veltryx,20000,1,2024-02-16T18:02:02.000Z,https://universalis.app/market/3011
3013,Amateur's Doublet Vest,Ava Moxy,15000,1,2024-02-16T17:01:26.000Z,https://universalis.app/market/3013
3014,Amateur's Kurta,Bim Danglefield,1499,1,2024-01-30T23:36:25.000Z,https://universalis.app/market/3014
3015,Amateur's Dalmatica,Puddi Tatt,10000,1,2024-02-03T01:33:42.000Z,https://universalis.app/market/3015
3016,Leather Jacket,Alphen Harlock,5000,1,2024-02-06T23:09:28.000Z,https://universalis.app/market/3016
3017,Hard Leather Harness,Bim Danglefield,4000,1,2024-02-09T23:20:13.000Z,https://universalis.app/market/3017
3018,Hempen Robe,Riven Zatoshi,10000,1,2024-02-15T04:00:59.000Z,https://universalis.app/market/3018
3019,Hempen Doublet Vest of Crafting,Naruto Vowels,5000,1,2024-02-24T14:43:41.000Z,https://universalis.app/market/3019
3020,Hempen Doublet Vest of Gathering,Mono Fotymos,18500,1,2024-02-09T04:39:36.000Z,https://universalis.app/market/3020
3022,Cotton Shirt,Dino Punch-kick,4000,1,2024-02-11T16:52:16.000Z,https://universalis.app/market/3022
3023,Cotton Shepherd's Tunic,Rimitsu Wintersoul,68000,1,2024-02-02T18:39:33.000Z,https://universalis.app/market/3023
3024,Cotton Cowl,Kan Po,320000000,1,2024-02-16T23:31:02.000Z,https://universalis.app/market/3024
3026,Bronze Cuirass,Soft Paws,9800,1,2024-02-15T09:21:24.000Z,https://universalis.app/market/3026
3028,Cotton Tabard,Zenith Gray,16000,1,2024-02-06T06:03:33.000Z,https://universalis.app/market/3028
3036,Cotton Dalmatica,Ime Tachibana,20000,1,2024-02-05T22:49:59.000Z,https://universalis.app/market/3036
3038,Cotton Dalmatica of Gathering,Riub Glazewind,34999,1,2024-02-20T17:23:59.000Z,https://universalis.app/market/3038
3039,Cotton Acton,Lelouch Le'meow,400000000,1,2024-02-18T15:06:30.000Z,https://universalis.app/market/3039
3041,Cotton Kurta,Myth Drannor,75000,1,2024-02-13T18:42:04.000Z,https://universalis.app/market/3041
3043,Goatskin Jacket,Eschina Blacke,800,1,2024-02-05T13:04:02.000Z,https://universalis.app/market/3043
3045,Iron Cuirass,Adel Pandora,10000,1,2024-02-10T23:18:21.000Z,https://universalis.app/market/3045
3050,Cotton Halfrobe,Memories Eternal,50000,1,2024-02-23T02:40:52.000Z,https://universalis.app/market/3050
3052,Cotton Doublet Vest of Crafting,Elextri Natmi,55500,1,2024-02-12T19:13:18.000Z,https://universalis.app/market/3052
3053,Cotton Doublet Vest of Gathering,Dino Punch-kick,22500,1,2024-02-11T17:28:17.000Z,https://universalis.app/market/3053
3057,Iron Scale Mail,Leah Bella,25000,1,2024-02-13T19:00:13.000Z,https://universalis.app/market/3057
3060,Cotton Trapper's Tunic,Hinako Kazoku,9499,1,2024-02-14T21:58:46.000Z,https://universalis.app/market/3060
3062,Cotton Robe,Kydo Viridis,75000,1,2024-02-07T02:38:56.000Z,https://universalis.app/market/3062
3064,Initiate's Doublet Vest,Bim Danglefield,22499,1,2024-02-08T00:30:35.000Z,https://universalis.app/market/3064
3065,Initiate's Gown,Ri Kkore,9000,1,2024-02-14T05:33:07.000Z,https://universalis.app/market/3065
3066,Velveteen Shirt,Ischittz Hachi,22500,1,2024-02-09T17:04:38.000Z,https://universalis.app/market/3066
3068,Heavy Iron Armor,Ansfrid Colryut,19999,1,2024-02-03T14:14:18.000Z,https://universalis.app/market/3068
3076,Vintage Coatee,Quitax Pragma,11900,1,2024-01-31T06:43:34.000Z,https://universalis.app/market/3076
3009,Moth-eaten Coatee,Kyari Morningstar,20000000,1,2024-02-17T05:21:36.000Z,https://universalis.app/market/3009
3077,Velveteen Coatee of Crafting,Home Depot,75000,1,2024-01-31T01:52:56.000Z,https://universalis.app/market/3077
3090,Velveteen Cowl,Brave Sparrow,25000,1,2024-02-15T17:32:11.000Z,https://universalis.app/market/3090
3092,Velveteen Coatee of Gathering,Delroz Pendragon,20000,1,2024-01-31T22:35:00.000Z,https://universalis.app/market/3092
3096,Steel Chainmail,Unkel Iroh,29999,1,2024-02-06T22:24:57.000Z,https://universalis.app/market/3096
5083,Steel Rings,Val Maerion,2500,3,2024-02-23T18:55:22.000Z,https://universalis.app/market/5083
3099,Toadskin Jerkin,Reina Sarnai,30040,1,2024-02-19T04:44:02.000Z,https://universalis.app/market/3099
3100,Toadskin Jacket,Shize Hilkos,49000,1,2024-02-20T19:27:21.000Z,https://universalis.app/market/3100
3102,Steel Cuirass,Mase Takashi,3000,1,2024-02-21T05:15:32.000Z,https://universalis.app/market/3102
3104,Velveteen Gown,Kohaku Kurohana,67900,1,2024-02-04T17:25:32.000Z,https://universalis.app/market/3104
3105,Vintage Doublet Vest,Valek Thunderfist,35000,1,2024-02-04T11:44:59.000Z,https://universalis.app/market/3105
2998,Frayed Cotton Doublet Vest,Miah Molkot,10000,1,2024-02-03T06:40:46.000Z,https://universalis.app/market/2998
3106,Velveteen Robe,Elextri Natmi,68000,1,2024-02-19T14:44:52.000Z,https://universalis.app/market/3106
3118,Steel Scale Mail,Salamander Sam,50000,1,2024-02-08T16:26:05.000Z,https://universalis.app/market/3118
3120,Velveteen Doublet Vest of Crafting,Rose Moonlight,20000,1,2024-02-18T04:44:05.000Z,https://universalis.app/market/3120
3121,Velveteen Doublet Vest of Gathering,Ashael Gray,40000,1,2024-02-02T14:30:20.000Z,https://universalis.app/market/3121
3125,Linen Shirt,Ayase Mori,29999,1,2024-02-14T05:27:59.000Z,https://universalis.app/market/3125
3127,Heavy Steel Armor,Salamander Sam,20000,1,2024-02-17T21:11:52.000Z,https://universalis.app/market/3127
3131,Linen Robe,Sigurd Snow-hair,22500,1,2024-02-09T14:49:32.000Z,https://universalis.app/market/3131
3137,Vintage Chef's Apron,Elextri Natmi,200000,1,2024-02-13T02:14:43.000Z,https://universalis.app/market/3137
3012,Stained Chef's Apron,Katie Lokidottir,25400,1,2024-02-06T08:35:36.000Z,https://universalis.app/market/3012
3138,Boarskin Harness,Ischittz Hachi,399999,1,2024-02-14T03:14:30.000Z,https://universalis.app/market/3138
3140,Linen Cowl,Claire Wolfwind,22500,1,2024-02-08T05:06:46.000Z,https://universalis.app/market/3140
3142,Horn Scale Mail,Kastor Lastrad,33000,1,2024-02-19T16:19:24.000Z,https://universalis.app/market/3142
3144,Linen Coatee of Crafting,Alaria Bajhiri,30000,1,2024-02-01T05:24:25.000Z,https://universalis.app/market/3144
3145,Linen Coatee of Gathering,Hydira Veltryx,30000,1,2024-02-05T23:42:16.000Z,https://universalis.app/market/3145
3146,Linen Bliaud,Blue Hiei,15000,1,2024-02-24T19:58:33.000Z,https://universalis.app/market/3146
3147,Woolen Shirt,Aerin Reece,22500,1,2024-02-09T04:50:20.000Z,https://universalis.app/market/3147
3149,Mythril Cuirass,King Cyrus,39000,1,2024-02-01T19:33:56.000Z,https://universalis.app/market/3149
3160,Woolen Robe,U'mai Gyo,25000,1,2024-02-20T16:03:38.000Z,https://universalis.app/market/3160
3162,Linen Smock,Kaito Uchida,30000,1,2024-02-02T07:06:24.000Z,https://universalis.app/market/3162
3163,Linen Doublet,Astray Eclipse,34000,1,2024-02-08T04:18:48.000Z,https://universalis.app/market/3163
3164,Vintage Scale Mail,Brathgar Inivisch,20000,1,2024-02-05T04:10:58.000Z,https://universalis.app/market/3164
3021,Blackened Scale Mail,Venrinn Hotep,20000,1,2024-02-12T18:02:09.000Z,https://universalis.app/market/3021
3165,Peisteskin Harness,Brathgar Inivisch,50000,1,2024-02-05T04:10:38.000Z,https://universalis.app/market/3165
3172,Ranger's Tunic,Samuel Sojourner,23999,1,2024-02-19T00:16:02.000Z,https://universalis.app/market/3172
3174,Mythril Haubergeon,Zansetsu Botan,50000,1,2024-02-14T10:25:42.000Z,https://universalis.app/market/3174
3176,Woolen Gown,Ayase Mori,39999,1,2024-02-14T05:29:06.000Z,https://universalis.app/market/3176
3177,Boarskin Jerkin,Ime Tachibana,40000,1,2024-02-07T01:30:20.000Z,https://universalis.app/market/3177
3178,Woolen Bliaud,Imma Dood,4499,1,2024-01-30T22:09:10.000Z,https://universalis.app/market/3178
3180,High Mythril Armor,Tira Minou,29000,1,2024-02-14T05:16:54.000Z,https://universalis.app/market/3180
3182,Vintage Seneschal Coatee,Kittyclowns Whitemask,34000,1,2024-02-23T19:37:30.000Z,https://universalis.app/market/3182
3098,Moth-eaten Seneschal Coatee,Mariposa Muscadet,5000,1,2024-02-21T04:03:15.000Z,https://universalis.app/market/3098
3183,Tortoiseshell Scale Mail,Ryteor Vannes,33000,1,2024-02-18T20:16:44.000Z,https://universalis.app/market/3183
3185,Felt Robe,Masuyamoni Miki,25094,1,2024-02-16T00:03:21.000Z,https://universalis.app/market/3185
3187,Woolen Smock,Illidari Nightfall,24999,1,2024-01-30T07:54:11.000Z,https://universalis.app/market/3187
3188,Woolen Doublet,Alucard Screamlord,23750,1,2024-01-29T04:38:18.000Z,https://universalis.app/market/3188
3191,Raptorskin Harness,Darius Huntington,25000,1,2024-02-10T01:20:48.000Z,https://universalis.app/market/3191
3193,Woolen Cowl,Fat Smelly,10000,1,2024-02-06T12:56:30.000Z,https://universalis.app/market/3193
3201,Rainmaker's Tunic,Jacob Pritchard,25000,1,2024-02-18T04:20:36.000Z,https://universalis.app/market/3201
3203,Cobalt Haubergeon,Day Dreams,55000,1,2024-01-30T00:23:59.000Z,https://universalis.app/market/3203
3205,Felt Gown,Dixie Nesquik,55000,1,2024-02-05T01:35:05.000Z,https://universalis.app/market/3205
3206,Raptorskin Jerkin,Minor Inconvenience,49999,1,2024-02-10T11:07:43.000Z,https://universalis.app/market/3206
3208,Vintage Robe,Olivia Layne,69999,1,2024-02-08T00:29:00.000Z,https://universalis.app/market/3208
3209,Cobalt Cuirass,Zucc Hini,5500,1,2024-02-19T09:37:01.000Z,https://universalis.app/market/3209
3211,Felt Bliaud,Ladybug Kay,57800,1,2024-02-10T01:57:15.000Z,https://universalis.app/market/3211
3213,Raptorskin Jacket,Sigurd Snow-hair,50105,1,2024-02-18T14:58:22.000Z,https://universalis.app/market/3213
3215,Patrician's Coatee,Talon Barns,50000,1,2024-02-03T08:52:55.000Z,https://universalis.app/market/3215
3218,Vintage Haubergeon,Azael Berry,30000,1,2024-02-06T08:31:51.000Z,https://universalis.app/market/3218
3059,Ripped Haubergeon,Sefi Asta,999,1,2024-02-09T08:53:37.000Z,https://universalis.app/market/3059
3230,Blacksmith's Apron,Dermot Elakha,26297,1,2024-02-06T00:35:17.000Z,https://universalis.app/market/3230
3231,Armorer's Gown,Mayu Mae,44970,1,2024-02-02T23:40:20.000Z,https://universalis.app/market/3231
3232,Goldsmith's Doublet,Leggo Myaggro,80000,1,2024-02-03T11:06:48.000Z,https://universalis.app/market/3232
3236,Culinarian's Apron,Islandi Ellesmira,50000,1,2024-02-14T04:27:30.000Z,https://universalis.app/market/3236
3237,Miner's Shirt,Kyoya Miura,70000,1,2024-02-01T18:06:06.000Z,https://universalis.app/market/3237
3238,Botanist's Doublet,Reede Djt-dvre,69900,1,2024-02-16T10:30:06.000Z,https://universalis.app/market/3238
3239,Fisher's Shirt,Dinah Mirtheart,70000,1,2024-01-30T17:49:58.000Z,https://universalis.app/market/3239
3240,Militia Robe,Mako Belnades,3983,1,2024-02-04T13:58:12.000Z,https://universalis.app/market/3240
3241,Militia Cuirass,Fire Ashes,6999,1,2024-02-04T02:46:30.000Z,https://universalis.app/market/3241
3242,Militia Harness,Aerin Reece,47799,1,2024-02-13T15:41:35.000Z,https://universalis.app/market/3242
3243,Mosshorn Scale Mail,Puddi Tatt,7000,1,2024-01-31T01:42:12.000Z,https://universalis.app/market/3243
5437,Mossy Horn,Ulysses Suul,10000000,1,2024-02-20T01:06:03.000Z,https://universalis.app/market/5437
3244,Dodore Doublet,Edalene Addo,51000000,1,2024-02-07T06:34:49.000Z,https://universalis.app/market/3244
5286,Dodore Leather,Nishi Il,2999,1,2024-02-11T01:26:42.000Z,https://universalis.app/market/5286
3249,Imperial Operative Dalmatica,Reacyn Pogue,2000,1,2024-02-01T22:58:10.000Z,https://universalis.app/market/3249
3256,Heavy Darksteel Armor,Rhy Sumi,3880,1,2024-02-18T04:24:35.000Z,https://universalis.app/market/3256
5585,Darksteel Breastplate,Didri Winterset,2000,2,2024-01-29T03:55:11.000Z,https://universalis.app/market/5585
3257,Darksteel Haubergeon,Lune Marpierre,2375,1,2024-02-14T01:26:25.000Z,https://universalis.app/market/3257
5105,Garlean Steel Plate,Mint Juleps,19999,2,2024-02-06T02:39:12.000Z,https://universalis.app/market/5105
3258,Gryphonskin Jerkin,Vero Kraine,7122,1,2024-02-07T01:14:09.000Z,https://universalis.app/market/3258
5290,Coeurl Fur,Katsu Arahata,55,1,2024-02-09T05:20:09.000Z,https://universalis.app/market/5290
5581,Gryphonskin Shoulder Guards,Didri Winterset,2100,2,2024-01-29T03:54:44.000Z,https://universalis.app/market/5581
3259,Gryphonskin Tunic,Alain Kazpa,2000,1,2024-02-06T22:39:28.000Z,https://universalis.app/market/3259
5104,Garlean Steel Joint,Azazel Blaze,54875,1,2024-02-06T16:54:56.000Z,https://universalis.app/market/5104
3260,Vanya Robe of Casting,Kairo Orben,5299,1,2024-02-01T05:17:05.000Z,https://universalis.app/market/3260
5578,Vanya Silk Robe Lining,Didri Winterset,2000,2,2024-01-29T03:54:15.000Z,https://universalis.app/market/5578
3261,Vanya Robe of Healing,Karashi Yarashi,1942,1,2024-02-19T05:42:44.000Z,https://universalis.app/market/3261
3274,Hempen Breeches,Rukia Himejima,30000,1,2024-01-30T03:14:13.000Z,https://universalis.app/market/3274
3275,Hempen Breeches of Crafting,Azi Viellis,346,1,2024-02-22T22:38:27.000Z,https://universalis.app/market/3275
3276,Hempen Shepherd's Slops,Krex Reed,50000,1,2024-02-16T23:29:27.000Z,https://universalis.app/market/3276
3307,Hempen Underpants,Marsee Keyes,10000,1,2024-02-02T14:04:21.000Z,https://universalis.app/market/3307
3308,Hempen Pantalettes,Kei Joi,65000000,1,2024-02-04T06:19:32.000Z,https://universalis.app/market/3308
3309,Hempen Chausses,Reiko Rakujo,5000,1,2024-01-31T04:58:13.000Z,https://universalis.app/market/3309
3310,Leather Culottes,U'nanami Hime,50000,1,2024-02-12T18:17:17.000Z,https://universalis.app/market/3310
3311,Hempen Sarouel,Tekashi' Sixtynine',1000000,1,2024-02-11T22:44:28.000Z,https://universalis.app/market/3311
