id,name,buyerName,pricePerUnit,quantity,timestamp,universalisUrl
1602,Bronze Bastard Sword,Satomi Murasaki,5000000,1,2023-09-17T23:42:54.000Z,https://universalis.app/market/1602
2,Fire Shard,Kevin Blackstone,175,55,2023-10-01T23:57:49.000Z,https://universalis.app/market/2
5,Earth Shard,Drako Orionson,90,56,2023-10-04T17:39:06.000Z,https://universalis.app/market/5
5056,Bronze Ingot,Lucythebates Sr,500,20,2023-09-19T01:31:34.000Z,https://universalis.app/market/5056
5361,Maple Lumber,Lucythebates Sr,350,12,2023-09-25T21:36:14.000Z,https://universalis.app/market/5361
5432,Bone Chip,Lunaria Luna,7300000,1,2023-10-05T03:09:30.000Z,https://universalis.app/market/5432
1603,Viking Sword,Arraut Kauveur,3000,1,2023-10-02T01:22:26.000Z,https://universalis.app/market/1603
5275,Leather,Strider Strix,1000,10,2023-10-04T12:12:46.000Z,https://universalis.app/market/5275
1604,Ash Macuahuitl,Lyric Uzal,10000000,1,2023-10-05T01:47:08.000Z,https://universalis.app/market/1604
3,Ice Shard,Felix Lansera,175,55,2023-09-13T21:16:58.000Z,https://universalis.app/market/3
4,Wind Shard,Rheanna Mathias,175,55,2023-09-24T21:44:51.000Z,https://universalis.app/market/4
5124,Obsidian,Luna Moonshine,1500,10,2023-09-29T16:43:19.000Z,https://universalis.app/market/5124
5364,Ash Lumber,Akuma Mir,2000,1,2023-09-29T04:57:33.000Z,https://universalis.app/market/5364
1605,Bronze Spatha,Ramu Silly,8000,1,2023-09-16T03:15:44.000Z,https://universalis.app/market/1605
5276,Hard Leather,Lucythebates Sr,950,1,2023-09-19T03:43:32.000Z,https://universalis.app/market/5276
5434,Ram Horn,Celty Halcyon,65,98,2023-09-24T07:10:16.000Z,https://universalis.app/market/5434
1607,Brass Bastard Sword,Ixkur Babooey,9009,1,2023-09-13T04:59:33.000Z,https://universalis.app/market/1607
5063,Brass Ingot,Akari Sara,700,1,2023-10-08T04:53:51.000Z,https://universalis.app/market/5063
1609,Brass Viking Sword,Esso Anso,10000,1,2023-09-23T00:46:24.000Z,https://universalis.app/market/1609
5277,Aldgoat Leather,Zero Amiya,5000,10,2023-10-10T17:33:19.000Z,https://universalis.app/market/5277
1611,Carnage Sword,Nepheli Loux,1912,1,2023-09-14T20:03:45.000Z,https://universalis.app/market/1611
5057,Iron Ingot,Pink Floyd',748,1,2023-09-30T16:55:37.000Z,https://universalis.app/market/5057
5367,Elm Lumber,Vuln Collector,1250,1,2023-09-27T01:13:20.000Z,https://universalis.app/market/5367
5435,Antelope Horn,Th'reftis Hyalenos,2848,1,2023-09-23T14:30:53.000Z,https://universalis.app/market/5435
1625,Steel Broadsword,Zaen Midlandian,30000,1,2023-09-27T19:06:54.000Z,https://universalis.app/market/1625
5058,Steel Ingot,Retroactive Augury,7779,1,2023-10-05T07:37:44.000Z,https://universalis.app/market/5058
5371,Walnut Lumber,Beren Ossiriand,5000,1,2023-09-14T13:40:02.000Z,https://universalis.app/market/5371
5444,Wolf Fang,Ashe Loeld,2700,99,2023-09-22T00:29:03.000Z,https://universalis.app/market/5444
1627,Elm Macuahuitl,Leili Kouris,5000,1,2023-09-19T04:07:55.000Z,https://universalis.app/market/1627
1633,Steel Falchion,Zaen Midlandian,34500,1,2023-09-28T16:36:12.000Z,https://universalis.app/market/1633
5260,Siltstone Whetstone,Vayle Caligo,10000,2,2023-09-22T10:39:11.000Z,https://universalis.app/market/5260
8,Fire Crystal,Satoto Sato,175,55,2023-09-21T21:26:53.000Z,https://universalis.app/market/8
1606,Blunt Bastard Sword,Mahalath Bloodmoon,1500,1,2023-09-27T03:12:13.000Z,https://universalis.app/market/1606
5259,Mudstone Whetstone,Lhosan Tirasch,949,1,2023-09-29T21:10:39.000Z,https://universalis.app/market/5259
1637,Walnut Macuahuitl,Andrew Moosen,20000,1,2023-09-18T02:24:41.000Z,https://universalis.app/market/1637
5125,Wyvern Obsidian,Surana Kyrain,1111,1,2023-10-07T01:03:40.000Z,https://universalis.app/market/5125
1639,Steel Longsword,Laura Zaledor,41,1,2023-09-15T16:34:02.000Z,https://universalis.app/market/1639
5504,Fish Glue,Ms Eldari,3000,1,2023-09-27T09:29:37.000Z,https://universalis.app/market/5504
1642,Goblin Scimitar,Capulus Tempus,9999,1,2023-09-28T02:19:45.000Z,https://universalis.app/market/1642
1613,Blunt Goblin Scimitar,Lilly Dragonblood,1999,1,2023-09-15T06:56:05.000Z,https://universalis.app/market/1613
1643,Mythril Broadsword,Eley White,17500,1,2023-09-13T01:09:27.000Z,https://universalis.app/market/1643
5065,Mythril Ingot,Lucythebates Sr,2500,54,2023-09-20T01:50:54.000Z,https://universalis.app/market/5065
5373,Oak Lumber,Emily Greymane,4000,2,2023-09-20T17:11:29.000Z,https://universalis.app/market/5373
11,Earth Crystal,Shuhei Kazeshini,998,200,2023-09-20T17:28:34.000Z,https://universalis.app/market/11
1616,Nicked Viking Sword,Venar Ymir,49999,1,2023-09-13T03:10:58.000Z,https://universalis.app/market/1616
5262,Basilisk Whetstone,Surana Kyrain,3800,1,2023-10-10T09:25:46.000Z,https://universalis.app/market/5262
1650,Plumed Oak Macuahuitl,Laura Zaledor,12350,1,2023-09-16T17:10:46.000Z,https://universalis.app/market/1650
5360,Wildfowl Feather,Top Doge,2500,3,2023-10-06T03:31:10.000Z,https://universalis.app/market/5360
1657,Cobalt Katzbalger,Ryukuzo Wintersoul,15061,1,2023-09-16T01:46:26.000Z,https://universalis.app/market/1657
5059,Cobalt Ingot,Cyreck Saikoro,3200,1,2023-09-18T19:16:53.000Z,https://universalis.app/market/5059
5066,Electrum Ingot,Dietrich Ostendorff,5000,10,2023-09-20T02:34:18.000Z,https://universalis.app/market/5066
5282,Boar Leather,Sebert Seton,6000,3,2023-10-02T03:48:51.000Z,https://universalis.app/market/5282
1659,Cobalt Shamshir,Kestla Haerfrask,50000,1,2023-09-13T19:18:08.000Z,https://universalis.app/market/1659
5436,Aldgoat Horn,Mina Heartstone,4200,1,2023-10-10T04:38:30.000Z,https://universalis.app/market/5436
1663,Cobalt Winglet,Cowboy Tanaka,50000,1,2023-09-13T09:22:07.000Z,https://universalis.app/market/1663
5374,Mahogany Lumber,Cyclic Law,3500,1,2023-10-05T02:35:12.000Z,https://universalis.app/market/5374
5465,Sunrise Tellin,Ravyn Thurnstone,999,3,2023-09-14T14:39:05.000Z,https://universalis.app/market/5465
5505,Horn Glue,Tyetus Rygar,10000,1,2023-09-19T15:17:39.000Z,https://universalis.app/market/5505
1666,Giantsgall Longsword,Logan Fox,19499,1,2023-09-23T19:54:23.000Z,https://universalis.app/market/1666
18,Lightning Cluster,Shinobi Dm,750,100,2023-09-22T00:14:13.000Z,https://universalis.app/market/18
19,Water Cluster,Brohnny Javo,496,100,2023-09-25T05:20:36.000Z,https://universalis.app/market/19
7579,Mossy Stone Sword,Nora Belle,10,1,2023-10-09T17:44:20.000Z,https://universalis.app/market/7579
7620,Diluted Vitriol,Raizeku Kagon,805,2,2023-09-14T19:06:27.000Z,https://universalis.app/market/7620
1670,Aeolian Scimitar,Rumi Levkoi,99400,1,2023-09-15T01:28:02.000Z,https://universalis.app/market/1670
1636,Blunt Aeolian Scimitar,Tempest Celest,1999,1,2023-09-19T01:27:34.000Z,https://universalis.app/market/1636
5061,Darksteel Nugget,Vera Himaa,3500,1,2023-09-17T00:37:52.000Z,https://universalis.app/market/5061
1673,Mailbreaker,Mika Moonlight,3000,1,2023-09-13T22:51:08.000Z,https://universalis.app/market/1673
14,Fire Cluster,Rhel'ryo Jinjahl,678,100,2023-09-26T05:11:43.000Z,https://universalis.app/market/14
17,Earth Cluster,Max Tragic,300,100,2023-09-16T07:43:16.000Z,https://universalis.app/market/17
5068,Rose Gold Nugget,Hexhera Rayne,20000,11,2023-10-11T00:42:01.000Z,https://universalis.app/market/5068
5288,Hippogryph Leather,Yashia Eevee,2999,4,2023-09-20T13:50:56.000Z,https://universalis.app/market/5288
5570,Mailbreaker Blade,Omicron Ceti,2000,2,2023-09-18T03:28:32.000Z,https://universalis.app/market/5570
1681,Bone Hora,Mephisto Baelfire,350000,1,2023-10-01T17:10:10.000Z,https://universalis.app/market/1681
5318,Animal Sinew,Hop Pang,1800000,1,2023-09-22T07:40:26.000Z,https://universalis.app/market/5318
1682,Leather Himantes,Matrim Finn,10000,1,2023-09-26T17:45:15.000Z,https://universalis.app/market/1682
5324,Undyed Hempen Cloth,Samuel Poe,500,7,2023-10-07T10:48:53.000Z,https://universalis.app/market/5324
1683,Ramhorn Claws,Rasandria Heavensfall,500,1,2023-09-24T18:23:43.000Z,https://universalis.app/market/1683
1684,Bronze Knuckles,Beer Pup,3000,1,2023-09-29T00:22:25.000Z,https://universalis.app/market/1684
1685,Hard Leather Himantes,Yemi Akhabila,100,1,2023-09-28T20:49:14.000Z,https://universalis.app/market/1685
1686,Brass Knuckles,Demi Fraust,5000,1,2023-09-17T05:44:48.000Z,https://universalis.app/market/1686
1688,Goatskin Cesti,Kiriya Ren,1000,1,2023-09-23T20:45:17.000Z,https://universalis.app/market/1688
5319,Beast Sinew,Celeste Evenstar,1375,10,2023-09-18T09:46:07.000Z,https://universalis.app/market/5319
1694,Spiked Knuckles,Ultra Violent,1999,1,2023-09-24T08:15:02.000Z,https://universalis.app/market/1694
5072,Iron Plate,Leili Kouris,1250,3,2023-09-25T20:58:58.000Z,https://universalis.app/market/5072
1697,Toadskin Cesti,Azaelea Selidron,3000,1,2023-09-13T01:28:14.000Z,https://universalis.app/market/1697
5280,Toad Leather,Raynee Day,13000,1,2023-10-06T04:03:18.000Z,https://universalis.app/market/5280
5320,Diremite Sinew,Azaelea Selidron,2001,1,2023-09-13T01:27:44.000Z,https://universalis.app/market/5320
1699,Steel Claws,Velita Anyse,10000,1,2023-09-20T05:44:06.000Z,https://universalis.app/market/1699
5073,Steel Plate,S'onder Son,3000,1,2023-09-25T06:11:32.000Z,https://universalis.app/market/5073
1706,Crabshell Hora,Cpt Puddingcup,10000,1,2023-09-19T09:01:08.000Z,https://universalis.app/market/1706
5321,Hippogryph Sinew,Paz Khatayin,1000,2,2023-10-07T23:39:53.000Z,https://universalis.app/market/5321
5456,Green Megalocrab Shell,Ms Eldari,1000,1,2023-09-18T02:51:30.000Z,https://universalis.app/market/5456
1708,Boarskin Himantes,Arizona Sun-tea,21999,1,2023-10-06T02:21:49.000Z,https://universalis.app/market/1708
1711,Mythril Claws,Angel Black,50000,1,2023-09-30T20:39:51.000Z,https://universalis.app/market/1711
5079,Mythril Plate,Surly Panther,7779,7,2023-10-04T13:24:29.000Z,https://universalis.app/market/5079
1716,Tortoiseshell Hora,Storm Avas,20000,1,2023-09-22T20:12:39.000Z,https://universalis.app/market/1716
5322,Raptor Sinew,Ms Eldari,2000,2,2023-09-18T20:48:47.000Z,https://universalis.app/market/5322
5458,Adamantoise Shell,Nuticus Maximus,800,11,2023-09-30T13:56:06.000Z,https://universalis.app/market/5458
1723,Cobalt Knuckles,Cowboy Tanaka,29995,1,2023-09-13T09:19:51.000Z,https://universalis.app/market/1723
1728,Peisteskin Cesti,Farren Jarrett,10103,1,2023-09-30T03:43:14.000Z,https://universalis.app/market/1728
5284,Peiste Leather,Tenebrae Shadowlight,2500,15,2023-09-21T01:08:41.000Z,https://universalis.app/market/5284
1732,Vintage Hora,Courage Cowardly,8421,1,2023-09-23T01:43:54.000Z,https://universalis.app/market/1732
1701,Chipped Hora,Mika Alister,2000,1,2023-09-24T21:37:04.000Z,https://universalis.app/market/1701
5285,Raptor Leather,Kavarion Sien,2472,1,2023-09-22T22:28:04.000Z,https://universalis.app/market/5285
1733,Cobalt Claws,Rahyne Cloute,15000,1,2023-09-27T21:22:05.000Z,https://universalis.app/market/1733
5074,Cobalt Plate,Sanya Arun'del,4000,6,2023-10-04T21:07:05.000Z,https://universalis.app/market/5074
1736,Giantsgall Claws,Howard Hamlin,2900,1,2023-09-13T21:11:51.000Z,https://universalis.app/market/1736
1740,Wildling's Cesti,Ko'ia Duskveil,75400,1,2023-09-21T07:33:21.000Z,https://universalis.app/market/1740
10,Wind Crystal,Lilliluke Arde,998,200,2023-10-07T18:53:54.000Z,https://universalis.app/market/10
5567,Bloody Cesti Covers,Nuticus Maximus,2400,1,2023-09-18T17:08:19.000Z,https://universalis.app/market/5567
1743,Avengers,Doodoo Beau,1165,1,2023-09-20T02:31:56.000Z,https://universalis.app/market/1743
5378,Spruce Lumber,Lorethys Serethar,7500,1,2023-10-08T23:11:28.000Z,https://universalis.app/market/5378
5571,Avenger Grips,Didrianna Winterset,2099,2,2023-10-08T00:57:42.000Z,https://universalis.app/market/5571
1750,Bronze War Axe,Yxeng Tataraji,4000,1,2023-10-08T00:39:33.000Z,https://universalis.app/market/1750
1751,Bronze Labrys,Metorva Cross,100,1,2023-10-03T22:04:57.000Z,https://universalis.app/market/1751
1752,Cloud Axe,Kittru Rhakirsson,199,1,2023-09-22T02:47:20.000Z,https://universalis.app/market/1752
1753,Spiked Bronze Labrys,Juicy Iryut,5000,1,2023-09-16T02:51:40.000Z,https://universalis.app/market/1753
1754,Iron War Axe,Samantha Sunkissed,3000,1,2023-09-30T08:08:07.000Z,https://universalis.app/market/1754
1756,Iron Labrys,Bun Tsukino,8000,1,2023-09-23T06:23:12.000Z,https://universalis.app/market/1756
1758,Inferno Axe,Retroactive Augury,5000,1,2023-10-03T16:39:42.000Z,https://universalis.app/market/1758
1764,Iron Bill,Uncle G',10000,1,2023-09-26T00:22:54.000Z,https://universalis.app/market/1764
4856,Clove Oil,Diotrephes Saddy,3000,5,2023-10-08T15:12:30.000Z,https://universalis.app/market/4856
5368,Yew Lumber,Danger Tater,700,39,2023-09-28T21:01:05.000Z,https://universalis.app/market/5368
1766,Thunderstorm Axe,Jen Jara,3000,1,2023-09-22T18:36:27.000Z,https://universalis.app/market/1766
5064,Silver Ingot,Cowboy Tanaka,4000,1,2023-09-13T13:28:10.000Z,https://universalis.app/market/5064
1769,Spiked Steel Labrys,Wind-up Astrid,21000000,1,2023-09-17T23:29:16.000Z,https://universalis.app/market/1769
1776,Steel Bardiche,Endoh Reaper,21060,1,2023-10-04T05:06:52.000Z,https://universalis.app/market/1776
5405,Yew Branch,Ageha Cho,1000,10,2023-09-21T03:14:15.000Z,https://universalis.app/market/5405
1778,Steel Bhuj,Cowboy Tanaka,39999,1,2023-09-13T09:18:17.000Z,https://universalis.app/market/1778
1781,Spiked Mythril Labrys,Sadu Heavensfrost,25000,1,2023-09-30T15:50:44.000Z,https://universalis.app/market/1781
1786,Mythril Bhuj,Ladybug Kay,40000,1,2023-09-18T01:56:27.000Z,https://universalis.app/market/1786
1796,Buccaneer's Bardiche,Kinda Chad-ngl,39999,1,2023-10-05T03:17:19.000Z,https://universalis.app/market/1796
5414,Rosewood Branch,Cember Kane,1000,5,2023-09-17T03:31:32.000Z,https://universalis.app/market/5414
1800,Vintage Bill,Jenni Code,17000,1,2023-10-03T18:00:17.000Z,https://universalis.app/market/1800
1801,Demilune Bhuj,Naomi Kusakari,105000,1,2023-09-21T00:05:24.000Z,https://universalis.app/market/1801
5196,Jadeite,Diotrephes Saddy,3333,2,2023-10-08T15:31:43.000Z,https://universalis.app/market/5196
1803,Spiked Cobalt Labrys,C'tadhara Kettha,30140,1,2023-09-18T19:07:23.000Z,https://universalis.app/market/1803
5376,Rosewood Lumber,Remi Malqir,4000,2,2023-10-01T05:42:38.000Z,https://universalis.app/market/5376
1806,Giantsgall War Axe,Quote Polarstar,2000,1,2023-09-23T19:19:43.000Z,https://universalis.app/market/1806
1810,Barbarian's Bardiche,William Blaze,74500,1,2023-09-18T00:37:15.000Z,https://universalis.app/market/1810
5566,Bloody Bardiche Head,Toff Kobalos,2998,1,2023-09-29T04:06:05.000Z,https://universalis.app/market/5566
1813,Rampager,Azath Oth,1790,1,2023-09-16T20:07:12.000Z,https://universalis.app/market/1813
5075,Darksteel Plate,Artesia Saeyrs,5000,6,2023-09-14T00:41:11.000Z,https://universalis.app/market/5075
5572,Rampager Head,Cinnamon Sugar,2000,1,2023-09-22T13:58:11.000Z,https://universalis.app/market/5572
1820,Bone Harpoon,Odette Farrell,10000,1,2023-09-17T20:41:12.000Z,https://universalis.app/market/1820
5503,Animal Glue,Rena Ryuugu,100,20,2023-09-28T22:48:10.000Z,https://universalis.app/market/5503
1821,Bronze Spear,Rory Noire,6000,1,2023-09-14T02:17:26.000Z,https://universalis.app/market/1821
5482,Fish Oil,Cipher Mss,550,1,2023-09-29T20:44:18.000Z,https://universalis.app/market/5482
1822,Ramhorn Harpoon,White Ztar,999,1,2023-09-13T01:24:20.000Z,https://universalis.app/market/1822
1823,Feathered Harpoon,Darth Rice,1008,1,2023-09-14T20:39:05.000Z,https://universalis.app/market/1823
5352,Crow Feather,Yun Kai,600,5,2023-09-27T09:48:37.000Z,https://universalis.app/market/5352
5433,Soiled Femur,Koh Moshan,2350,5,2023-09-30T17:32:17.000Z,https://universalis.app/market/5433
1824,Brass Spear,Demi Fraust,1999,1,2023-09-17T05:44:39.000Z,https://universalis.app/market/1824
1825,Iron Spear,Young Boreas,15000,1,2023-09-15T18:41:27.000Z,https://universalis.app/market/1825
1827,Iron Lance,Ruze Edalgna,23017,1,2023-09-19T11:30:30.000Z,https://universalis.app/market/1827
1833,Iron Guisarme,Rinni Rapport,14000,1,2023-09-16T22:40:12.000Z,https://universalis.app/market/1833
1836,Silver Battle Fork,Samuel Poe,50000,1,2023-09-14T23:05:30.000Z,https://universalis.app/market/1836
5484,Crab Oil,Darc Stormbringer,5000,10,2023-10-05T00:28:03.000Z,https://universalis.app/market/5484
1838,Steel Halberd,Neio Sol'eki,9500,1,2023-09-20T15:28:51.000Z,https://universalis.app/market/1838
1845,Steel Spear,Young Boreas,25000,1,2023-09-15T19:11:02.000Z,https://universalis.app/market/1845
1847,Heavy Steel Lance,Barnabas Cuthbert,10050,1,2023-09-24T02:41:57.000Z,https://universalis.app/market/1847
1850,Yarzonshell Harpoon,Haela Darkrain,27071,1,2023-09-13T19:46:19.000Z,https://universalis.app/market/1850
5454,Yellow Yarzon Leg,Flare Zonin,900,1,2023-09-16T02:46:58.000Z,https://universalis.app/market/5454
1855,Mythril Lance,Laura Zaledor,19999,1,2023-09-15T16:34:15.000Z,https://universalis.app/market/1855
1862,Cobalt Halberd,Kestla Haerfrask,40000,1,2023-09-13T04:03:40.000Z,https://universalis.app/market/1862
1867,Cobalt Trident,Ish't Ara'ara,5000,1,2023-09-16T12:43:56.000Z,https://universalis.app/market/1867
5486,Shark Oil,Druza Einaris,4999,2,2023-09-13T06:11:25.000Z,https://universalis.app/market/5486
1871,Vintage Guisarme,Wind-up Saiko,16999,1,2023-09-18T20:48:41.000Z,https://universalis.app/market/1871
9,Ice Crystal,Aelric Gunnar,998,200,2023-09-29T05:03:51.000Z,https://universalis.app/market/9
1872,Hart Guisarme,Ramu Silly,9000,1,2023-09-26T04:06:48.000Z,https://universalis.app/market/1872
1875,Giantsgall Trident,Saff Azrim,3900,1,2023-09-21T03:19:30.000Z,https://universalis.app/market/1875
1879,Champion's Lance,Sine Rehw-diego,99199,1,2023-09-17T02:56:04.000Z,https://universalis.app/market/1879
5565,Bloody Lance Head,Skylestia Firewolf,9750,1,2023-09-29T04:33:53.000Z,https://universalis.app/market/5565
1882,Obelisk,Reacyn Pogue,1000,1,2023-09-15T02:37:17.000Z,https://universalis.app/market/1882
5573,Obelisk Head,Didrianna Winterset,2100,1,2023-10-08T00:58:01.000Z,https://universalis.app/market/5573
1891,Maple Shortbow,Sinister Shadow,10000,1,2023-09-20T23:24:20.000Z,https://universalis.app/market/1891
5333,Hempen Yarn,Kaylanii Moon,500,99,2023-09-27T01:28:11.000Z,https://universalis.app/market/5333
1892,Maple Longbow,Xander Rubus,3000,1,2023-09-28T16:14:14.000Z,https://universalis.app/market/1892
5396,Maple Branch,Scarlet Evaryss,345,1,2023-09-28T02:31:18.000Z,https://universalis.app/market/5396
1893,Plumed Maple Shortbow,Johnny Rocky,200,1,2023-10-08T22:41:59.000Z,https://universalis.app/market/1893
5351,Cock Feather,Lucythebates Sr,222,1,2023-09-21T06:48:26.000Z,https://universalis.app/market/5351
1894,Wrapped Maple Longbow,Th'reftis Hyalenos,2000,1,2023-09-15T12:49:14.000Z,https://universalis.app/market/1894
5402,Ash Branch,Rosalee Shadowmist,600000,1,2023-09-23T23:58:39.000Z,https://universalis.app/market/5402
1895,Ash Shortbow,Ramu Silly,15000,1,2023-09-14T02:46:21.000Z,https://universalis.app/market/1895
1897,Elm Longbow,Reighven Wrekz,225,1,2023-09-23T16:41:43.000Z,https://universalis.app/market/1897
5334,Cotton Yarn,Umari Kisne,500,38,2023-09-18T06:54:30.000Z,https://universalis.app/market/5334
1899,Elm Velocity Bow,Earl Flatpants,1421,1,2023-09-15T01:18:40.000Z,https://universalis.app/market/1899
1905,Wrapped Elm Longbow,Barnabas Cuthbert,400,1,2023-09-21T19:22:39.000Z,https://universalis.app/market/1905
1908,Ash Composite Bow,Venat Stern,7741,1,2023-09-25T02:01:30.000Z,https://universalis.app/market/1908
1915,Ash Cavalry Bow,Talos Aehoria,19000,1,2023-09-24T04:15:13.000Z,https://universalis.app/market/1915
5409,Oak Branch,Lucythebates Sr,700,10,2023-09-19T05:38:00.000Z,https://universalis.app/market/5409
1917,Oak Longbow,Lord Xyphoos,39999,1,2023-09-24T00:46:29.000Z,https://universalis.app/market/1917
5336,Linen Yarn,Murakumo Nei,20000,1,2023-09-25T20:13:39.000Z,https://universalis.app/market/5336
1920,Mythril Cavalry Bow,Th'reftis Hyalenos,20000,1,2023-09-26T10:33:15.000Z,https://universalis.app/market/1920
1925,Oak Composite Bow,Kestla Haerfrask,39500,1,2023-09-13T04:03:25.000Z,https://universalis.app/market/1925
1932,Cobalt Cavalry Bow,Haela Darkrain,25000,1,2023-09-15T23:15:06.000Z,https://universalis.app/market/1932
1937,Yew Longbow,Ravyn Thurnstone,40000,1,2023-09-17T10:35:59.000Z,https://universalis.app/market/1937
1941,Vintage Bow,Waka Taewaki,25000,1,2023-09-20T03:54:06.000Z,https://universalis.app/market/1941
1942,Crab Bow,Seiki Kisaki,49998,1,2023-10-09T08:15:41.000Z,https://universalis.app/market/1942
5462,Red Coral,Thistle Loezkhanwyn,5000,1,2023-10-06T18:47:49.000Z,https://universalis.app/market/5462
1945,Giantsgall Longbow,Ebony Aldwyn,1000,1,2023-09-19T06:33:48.000Z,https://universalis.app/market/1945
1949,Longarm's Composite Bow,Ra Zetzy,77190,1,2023-09-14T22:23:27.000Z,https://universalis.app/market/1949
5568,Bloody Bow Rim,Nico Tojo,2500,1,2023-09-16T09:32:19.000Z,https://universalis.app/market/5568
1953,Sarnga,Nel Nehru,999,1,2023-10-04T18:16:23.000Z,https://universalis.app/market/1953
15,Ice Cluster,Rory Noire,45,500,2023-09-26T14:25:18.000Z,https://universalis.app/market/15
16,Wind Cluster,Rene Rodriguez,8000,15,2023-09-21T02:55:59.000Z,https://universalis.app/market/16
5574,Sarnga Limb,Kishin Echo,2299,2,2023-10-02T05:50:10.000Z,https://universalis.app/market/5574
1958,Maple Wand,Chigusa Obinata,11090,1,2023-10-09T00:24:13.000Z,https://universalis.app/market/1958
6,Lightning Shard,Xion Solitas,175,55,2023-09-20T18:47:02.000Z,https://universalis.app/market/6
7,Water Shard,Ms Eldari,175,55,2023-09-20T16:47:49.000Z,https://universalis.app/market/7
5470,Growth Formula Alpha,Selene Horises,10002,10,2023-10-04T22:44:24.000Z,https://universalis.app/market/5470
1959,Whispering Maple Wand,Tenshi Itik,6000,1,2023-09-28T06:44:34.000Z,https://universalis.app/market/1959
1960,Budding Maple Wand,Rory Noire,15000,1,2023-09-21T15:42:11.000Z,https://universalis.app/market/1960
5492,Beastkin Blood,Escondor Caligo,310000,1,2023-09-20T17:12:17.000Z,https://universalis.app/market/5492
1961,Ash Wand,Retroactive Augury,1999,1,2023-10-04T22:32:33.000Z,https://universalis.app/market/1961
5471,Growth Formula Beta,Leili Kouris,3400,1,2023-09-15T21:38:09.000Z,https://universalis.app/market/5471
1963,Budding Ash Wand,Kassandra Kobayashi,15000,1,2023-09-30T21:48:05.000Z,https://universalis.app/market/1963
1965,Whispering Ash Wand,Samuel Poe,1324,1,2023-09-20T05:02:28.000Z,https://universalis.app/market/1965
5493,Scalekin Blood,Penguin Tree,1500,10,2023-09-25T04:51:28.000Z,https://universalis.app/market/5493
1967,Yew Wand,Nuticus Maximus,10000,1,2023-10-04T14:55:36.000Z,https://universalis.app/market/1967
1969,Budding Yew Wand,Aoko Lyonesse,9000,1,2023-09-26T06:29:13.000Z,https://universalis.app/market/1969
1971,Budding Oak Wand,Patton Thera,2000,1,2023-09-22T06:56:19.000Z,https://universalis.app/market/1971
4603,Hi-Potion of Mind,Druza Einaris,910,5,2023-09-13T05:43:42.000Z,https://universalis.app/market/4603
1974,Wand of Frost,G''raha Tiaa,34000,1,2023-09-30T19:00:17.000Z,https://universalis.app/market/1974
5199,Eye of Ice,Lovely Bloodrose,200,1,2023-10-02T00:23:16.000Z,https://universalis.app/market/5199
5472,Growth Formula Gamma,Arya Templarii,4900,2,2023-09-17T02:13:07.000Z,https://universalis.app/market/5472
1976,Wand of Tremors,Tabi Yuki,7000,1,2023-10-04T03:18:31.000Z,https://universalis.app/market/1976
5201,Eye of Earth,Jade Star,450000,1,2023-10-06T05:18:36.000Z,https://universalis.app/market/5201
1978,Wand of Tides,Alyaerys Chandler,30000,1,2023-09-14T21:06:37.000Z,https://universalis.app/market/1978
5203,Eye of Water,Rish Moir,15,2,2023-09-18T17:41:12.000Z,https://universalis.app/market/5203
5198,Eye of Fire,Cinnamon Pancakes,799,6,2023-10-07T06:59:37.000Z,https://universalis.app/market/5198
1983,Wand of Gales,Fire Ashes,24887,1,2023-09-23T03:00:22.000Z,https://universalis.app/market/1983
5200,Eye of Wind,Seph Triste,250,1,2023-09-15T22:24:17.000Z,https://universalis.app/market/5200
1985,Wand of Storms,Lucythebates Sr,498,1,2023-09-15T03:39:56.000Z,https://universalis.app/market/1985
5202,Eye of Lightning,Mina Feet,10,1,2023-09-22T12:54:45.000Z,https://universalis.app/market/5202
1987,Budding Rosewood Wand,Naomi Kusakari,59999,1,2023-09-18T05:34:22.000Z,https://universalis.app/market/1987
4608,Mega-Potion of Mind,Xilia Vield,8000,1,2023-09-21T02:55:43.000Z,https://universalis.app/market/4608
5494,Spoken Blood,Sleepy Ferret,2700,1,2023-10-07T22:26:51.000Z,https://universalis.app/market/5494
1996,Maple Cane,Alphiknows Your-sins,10000,1,2023-09-30T20:58:26.000Z,https://universalis.app/market/1996
1997,Maple Crook,Rory Noire,19001,1,2023-09-16T03:41:39.000Z,https://universalis.app/market/1997
1998,Ash Radical,Itsleviosa Notleviosa,4751,1,2023-10-08T21:26:06.000Z,https://universalis.app/market/1998
2000,Elm Cane,Tenshi Itik,2000,1,2023-09-30T23:02:29.000Z,https://universalis.app/market/2000
2002,Elm Crook,Celes Hyorin,200,1,2023-09-27T05:03:57.000Z,https://universalis.app/market/2002
2004,Yew Radical,Reighven Wrekz,10600,1,2023-10-04T19:32:48.000Z,https://universalis.app/market/2004
2010,Pastoral Yew Cane,Ravyn Thurnstone,901,1,2023-09-15T00:36:38.000Z,https://universalis.app/market/2010
2011,Yew Crook,Mickey Angelo,350,1,2023-09-22T21:52:38.000Z,https://universalis.app/market/2011
2015,Walnut Cane,Kestla Haerfrask,15000,1,2023-09-13T04:00:44.000Z,https://universalis.app/market/2015
2021,Plumed Yew Crook,Kitsune Kurogane,7057,1,2023-09-14T06:58:36.000Z,https://universalis.app/market/2021
2023,Oak Radical,Darkness Rydia,24999,1,2023-09-30T00:35:08.000Z,https://universalis.app/market/2023
2026,Pastoral Oak Cane,Imali Gregory,23000,1,2023-10-07T22:56:35.000Z,https://universalis.app/market/2026
2030,Sprouting Rosewood Radical,Josephine Drake,17999,1,2023-09-16T19:22:07.000Z,https://universalis.app/market/2030
2039,Jade Crook,Orion Night,39999,1,2023-09-29T04:28:49.000Z,https://universalis.app/market/2039
2041,Vintage Cane,Darkness Rydia,21000,1,2023-10-01T02:59:59.000Z,https://universalis.app/market/2041
2014,Splintered Cane,Ryoske Takahashi,1000,1,2023-10-01T06:40:26.000Z,https://universalis.app/market/2014
2044,Pastoral Mahogany Cane,Lucien Lechance,14999,1,2023-09-19T02:02:38.000Z,https://universalis.app/market/2044
5335,Dew Thread,Morzan Darkstrider,2500,23,2023-10-08T05:36:50.000Z,https://universalis.app/market/5335
2047,Tane Mahuta,Skurj Hexreaper,22999,1,2023-09-18T22:03:01.000Z,https://universalis.app/market/2047
5555,Ochu Vine,Zixion Kharn,11018,1,2023-10-01T20:40:46.000Z,https://universalis.app/market/5555
2048,Giantsgall Cane,Lian Xie,1150,1,2023-09-30T04:09:10.000Z,https://universalis.app/market/2048
2049,Madman's Whispering Rod,My'la Anbolho,99199,1,2023-09-18T22:38:02.000Z,https://universalis.app/market/2049
12,Lightning Crystal,Koira Ray'okami,998,200,2023-09-18T03:21:43.000Z,https://universalis.app/market/12
13,Water Crystal,Shuhei Kazeshini,175,55,2023-09-20T17:29:22.000Z,https://universalis.app/market/13
5473,Growth Formula Delta,Kizuki Mizuno,5000,2,2023-09-20T01:14:25.000Z,https://universalis.app/market/5473
5537,Thavnairian Mistletoe,Kame Tanegashima,345,99,2023-09-17T03:59:20.000Z,https://universalis.app/market/5537
5547,Vampire Plant,Ms Eldari,225,1,2023-10-01T20:48:05.000Z,https://universalis.app/market/5547
2051,Alkalurops,Friedrich Nietzsche,8165,1,2023-09-26T15:39:10.000Z,https://universalis.app/market/2051
5575,Suspended Trillium Flower,Didrianna Winterset,2000,2,2023-09-26T03:07:45.000Z,https://universalis.app/market/5575
2056,Bone Brand,Alphiknows Your-sins,10000,1,2023-09-24T12:49:55.000Z,https://universalis.app/market/2056
5197,Marbled Eye,Feliski Spaghettini,400000,1,2023-09-13T20:40:33.000Z,https://universalis.app/market/5197
2057,Copper Scepter,Drogo Barriot,500,1,2023-10-03T20:37:56.000Z,https://universalis.app/market/2057
5062,Copper Ingot,Ouka Ootori,200,20,2023-10-09T18:34:51.000Z,https://universalis.app/market/5062
2058,Bronze Scepter,Selene Horises,333,1,2023-10-08T10:07:06.000Z,https://universalis.app/market/2058
2059,Brass Cudgel,Moighty Fine,800,1,2023-10-04T12:33:01.000Z,https://universalis.app/market/2059
2061,Decorated Copper Scepter,Illustrious Clyne,19999,1,2023-09-30T14:28:55.000Z,https://universalis.app/market/2061
5258,Ragstone Whetstone,Lucythebates Sr,7002,7,2023-09-19T07:43:12.000Z,https://universalis.app/market/5258
2063,Wind Brand,Tulth Mystflame,9969,1,2023-09-23T00:48:15.000Z,https://universalis.app/market/2063
2066,Ice Brand,Aura Eldorado,1500,1,2023-09-15T16:23:39.000Z,https://universalis.app/market/2066
2069,Silver Scepter,Red Hot,28400000,1,2023-09-24T00:24:07.000Z,https://universalis.app/market/2069
5527,Brimstone,Kavarion Sien,555,1,2023-09-17T23:59:39.000Z,https://universalis.app/market/5527
2071,Earth Brand,Lo'z Sukehiro,20000,1,2023-09-17T19:10:21.000Z,https://universalis.app/market/2071
2078,Fire Brand,Kinda Chad-ngl,35000,1,2023-10-02T04:24:23.000Z,https://universalis.app/market/2078
2083,Lightning Brand,Eve Vilzz,2000,1,2023-10-01T01:47:00.000Z,https://universalis.app/market/2083
2088,Electrum Scepter,Caitlyn Blackrose,561,1,2023-10-01T05:51:58.000Z,https://universalis.app/market/2088
5489,Quicksilver,Zixion Kharn,150,77,2023-10-01T20:25:25.000Z,https://universalis.app/market/5489
2093,Vintage Cudgel,Amari Mrhys,10000,1,2023-09-20T03:24:24.000Z,https://universalis.app/market/2093
2068,Damaged Cudgel,Sudachi Heimskr,2100,1,2023-09-19T22:38:40.000Z,https://universalis.app/market/2068
5092,Iron Rivets,Jiluna Araxie,1999,3,2023-09-20T23:03:24.000Z,https://universalis.app/market/5092
2094,Water Brand,Samuel Poe,27899,1,2023-09-22T23:08:43.000Z,https://universalis.app/market/2094
2097,Jade Scepter,Patton Thera,11999,1,2023-10-04T11:13:07.000Z,https://universalis.app/market/2097
5168,Jade,Ziggy Yiji,899,8,2023-10-01T10:52:44.000Z,https://universalis.app/market/5168
5439,Ogre Horn,Ms Eldari,500,1,2023-09-18T12:54:51.000Z,https://universalis.app/market/5439
2102,Sanguine Scepter,Dunken Ilsutran,93300,1,2023-10-02T01:04:33.000Z,https://universalis.app/market/2102
5206,Pinprick Pebble,Ms Eldari,499,1,2023-10-05T23:02:57.000Z,https://universalis.app/market/5206
2106,Bone Staff,Fire Ashes,9000,1,2023-10-04T14:33:54.000Z,https://universalis.app/market/2106
2107,Ramhorn Staff,Lady Artemis,1200,1,2023-09-30T13:28:08.000Z,https://universalis.app/market/2107
2108,Decorated Bone Staff,Buttered Pancakes,30000,1,2023-09-22T02:49:15.000Z,https://universalis.app/market/2108
5442,Bat Fang,Sofia Firebird,99,3,2023-09-26T03:19:13.000Z,https://universalis.app/market/5442
2109,Toothed Ramhorn Staff,Ishtar Anastasia,19800,1,2023-09-23T23:29:54.000Z,https://universalis.app/market/2109
2111,Staghorn Staff,Tulth Mystflame,10000,1,2023-09-15T22:10:39.000Z,https://universalis.app/market/2111
2116,Sanguine Horn Staff,Ravyn Thurnstone,2000,1,2023-09-20T19:00:18.000Z,https://universalis.app/market/2116
2118,Toothed Staghorn Staff,Yun Kai,499,1,2023-10-08T05:40:20.000Z,https://universalis.app/market/2118
2121,Goathorn Staff,Vallixia Visserax,12000,1,2023-09-22T07:33:29.000Z,https://universalis.app/market/2121
2123,Toothed Goathorn Staff,Elxrion Valor,5620,1,2023-10-08T03:20:18.000Z,https://universalis.app/market/2123
2125,Horn Staff,Kinda Chad-ngl,39999,1,2023-10-02T04:24:45.000Z,https://universalis.app/market/2125
2130,Black Horn Staff,Keilin Harewood,7000,1,2023-09-21T01:29:13.000Z,https://universalis.app/market/2130
2133,Ivory Staff,Ana Mae,39999,1,2023-09-22T00:47:34.000Z,https://universalis.app/market/2133
2136,Giantsgall Longstaff,Zerker Namikaze,1115,1,2023-10-01T20:58:26.000Z,https://universalis.app/market/2136
2139,Astrolabe,Kianis Amariyo,1400,1,2023-09-21T22:37:24.000Z,https://universalis.app/market/2139
5576,Astrolabe Clinometer,Didrianna Winterset,2000,2,2023-09-26T03:08:01.000Z,https://universalis.app/market/5576
2143,Leather Grimoire,Sinister Shadow,5000,1,2023-09-24T00:30:15.000Z,https://universalis.app/market/2143
5380,Maple Log,Koh Moshan,111,99,2023-09-30T17:29:51.000Z,https://universalis.app/market/5380
5475,Enchanted Copper Ink,Tera Shell,24,1,2023-09-24T16:49:19.000Z,https://universalis.app/market/5475
2144,Maple Picatrix,Lucythebates Sr,10340,1,2023-09-13T09:26:45.000Z,https://universalis.app/market/2144
2145,Engraved Leather Grimoire,Rory Noire,8000,1,2023-09-24T05:52:02.000Z,https://universalis.app/market/2145
5383,Ash Log,Dietrich Ostendorff,1000,2,2023-10-08T12:00:15.000Z,https://universalis.app/market/5383
2146,Ash Picatrix,Ovan Shimiya,3000,1,2023-09-20T18:04:31.000Z,https://universalis.app/market/2146
2147,Hard Leather Grimoire,Elidyr Nix,14900,1,2023-09-18T02:58:42.000Z,https://universalis.app/market/2147
5385,Elm Log,V'yahna Falh,1000,2,2023-09-24T11:40:09.000Z,https://universalis.app/market/5385
5476,Enchanted Iron Ink,Zero Amiya,499,1,2023-09-14T20:25:28.000Z,https://universalis.app/market/5476
2149,Engraved Hard Leather Grimoire,Lord Xyphoos,10000,1,2023-09-24T01:46:38.000Z,https://universalis.app/market/2149
5386,Yew Log,Axel Asterale,499,93,2023-09-24T04:24:06.000Z,https://universalis.app/market/5386
2151,Yew Picatrix,Cpt Puddingcup,15000,1,2023-09-18T06:19:49.000Z,https://universalis.app/market/2151
2156,Goatskin Grimoire,Samuel Poe,15000,1,2023-09-19T08:39:01.000Z,https://universalis.app/market/2156
5477,Enchanted Silver Ink,Lovely Bloodrose,7999,3,2023-09-30T03:20:06.000Z,https://universalis.app/market/5477
2160,Engraved Goatskin Grimoire,Nori Matsutake,3800,1,2023-09-23T21:58:01.000Z,https://universalis.app/market/2160
5388,Walnut Log,Lofi Toast,1000,2,2023-10-05T01:21:15.000Z,https://universalis.app/market/5388
2166,Book of Silver,Ash Mori,19999,1,2023-10-08T13:06:09.000Z,https://universalis.app/market/2166
5390,Oak Log,Arthrilhed Langdale,649,75,2023-09-13T21:56:50.000Z,https://universalis.app/market/5390
2169,Embossed Book of Silver,Chimes Fluffle,24999,1,2023-09-29T20:09:29.000Z,https://universalis.app/market/2169
2174,Book of Mythril,Kaelyn Aelys,12084,1,2023-09-30T02:46:56.000Z,https://universalis.app/market/2174
5346,Flax,Luna Moonshine,2120,9,2023-10-10T01:49:22.000Z,https://universalis.app/market/5346
5478,Enchanted Mythril Ink,Xilia Vield,6000,5,2023-09-21T03:16:36.000Z,https://universalis.app/market/5478
2184,Vintage Picatrix,Ra Zetzy,14000,1,2023-09-18T02:18:30.000Z,https://universalis.app/market/2184
2158,Brittle Picatrix,Clem Fan'dango,6044,1,2023-10-07T22:59:43.000Z,https://universalis.app/market/2158
2185,Book of Electrum,Suzuki Mitsuo,14000,1,2023-10-06T16:11:12.000Z,https://universalis.app/market/2185
5337,Woolen Yarn,Crathos Dragoon,2999,2,2023-09-22T02:31:35.000Z,https://universalis.app/market/5337
5393,Rosewood Log,Kishin Echo,400,5,2023-09-14T07:10:54.000Z,https://universalis.app/market/5393
5479,Enchanted Electrum Ink,Paine-of Void,1500,1,2023-09-23T10:01:58.000Z,https://universalis.app/market/5479
2189,Embossed Book of Electrum,Amaretto Tort,8500,1,2023-09-30T19:47:58.000Z,https://universalis.app/market/2189
2193,Cantamina Thavnaria,Neo Nuova,3499,1,2023-10-06T12:31:39.000Z,https://universalis.app/market/2193
5481,Enchanted Rose Gold Ink,Zaya Zee,18991,1,2023-10-06T15:32:58.000Z,https://universalis.app/market/5481
7586,Weathered Tome,Venec Sauveterre,87,1,2023-10-05T00:30:14.000Z,https://universalis.app/market/7586
2194,Medica Thavnaria,Chiisai Sprout,2394,1,2023-09-23T00:20:05.000Z,https://universalis.app/market/2194
2201,Erudite's Picatrix of Healing,Rumi Levkoi,99800,1,2023-10-01T19:08:25.000Z,https://universalis.app/market/2201
5480,Enchanted Gold Ink,Cel Dazkar,4800,1,2023-10-01T04:38:26.000Z,https://universalis.app/market/5480
5569,Bloody Grimoire Binding,Lumina Celest,10000,1,2023-09-19T01:27:52.000Z,https://universalis.app/market/5569
2202,Erudite's Picatrix of Casting,Ryukuzo Wintersoul,91600,1,2023-09-24T19:10:27.000Z,https://universalis.app/market/2202
2211,Deus Ex Verbis,Haya Wynter,2743,1,2023-10-01T22:50:50.000Z,https://universalis.app/market/2211
5338,Silk Thread,Yuki Rena,2500,1,2023-10-06T20:13:54.000Z,https://universalis.app/market/5338
2212,Deus Ex Gratia,Natlus Caelum,9693,1,2023-09-19T08:27:11.000Z,https://universalis.app/market/2212
2219,Square Maple Shield,Iso Flurane,2000,1,2023-09-27T18:33:26.000Z,https://universalis.app/market/2219
5091,Bronze Rivets,Chris Sharkbait,1000,2,2023-09-14T21:56:44.000Z,https://universalis.app/market/5091
12524,Titanium Nugget,Tsuki Suisei,5006,1,2023-10-07T20:43:03.000Z,https://universalis.app/market/12524
12529,Titanium Rivets,Kavarion Sien,10001,3,2023-10-04T13:32:39.000Z,https://universalis.app/market/12529
12658,Dusk Leather,Xeras Valkittar,430000,1,2023-09-13T16:21:01.000Z,https://universalis.app/market/12658
2226,Bronze Hoplon,Juicy Iryut,14000,1,2023-09-26T20:37:53.000Z,https://universalis.app/market/2226
5071,Bronze Plate,Jenevelle Astrael,5000,3,2023-09-15T21:54:40.000Z,https://universalis.app/market/5071
2228,Round Shield,Mira Shimono,1500,1,2023-09-17T01:00:32.000Z,https://universalis.app/market/2228
2229,Leather Targe,Mommy Dragonhorns,500,1,2023-10-02T03:26:03.000Z,https://universalis.app/market/2229
2230,Bronze Scutum,Elidyr Nix,1500,1,2023-09-20T06:17:36.000Z,https://universalis.app/market/2230
2231,Bronze Buckler,Rory Noire,2900,1,2023-09-26T15:25:39.000Z,https://universalis.app/market/2231
2233,Square Ash Shield,Tzuki Naomi,2000,1,2023-09-29T00:58:29.000Z,https://universalis.app/market/2233
2236,Iron Hoplon,Seiki Kisaki,30000,1,2023-10-08T18:10:34.000Z,https://universalis.app/market/2236
2238,Vintage Square Shield,Vadoma Kymenos,34000,1,2023-09-25T16:08:29.000Z,https://universalis.app/market/2238
2224,Worm-eaten Square Shield,Wooj Wooj,5000,1,2023-09-13T22:38:12.000Z,https://universalis.app/market/2224
4859,Cider Vinegar,Petra Sagolaris,89,25,2023-09-21T07:28:46.000Z,https://universalis.app/market/4859
2239,Ironclad Bronze Buckler,Beth Sidoney,700,1,2023-09-25T03:54:01.000Z,https://universalis.app/market/2239
2241,Iron Lantern Shield,Samson Hassan,31118,1,2023-09-28T19:59:04.000Z,https://universalis.app/market/2241
5998,Tallow Candle,Emily Greymane,2000,1,2023-09-16T19:36:20.000Z,https://universalis.app/market/5998
2242,Iron Scutum,Small Princess,10000,1,2023-09-28T13:44:13.000Z,https://universalis.app/market/2242
2244,Vintage Hoplon,Mahalath Bloodmoon,35000,1,2023-09-27T03:12:26.000Z,https://universalis.app/market/2244
2225,Tarnished Hoplon,Gurann Natsu,14995,1,2023-10-07T10:21:38.000Z,https://universalis.app/market/2225
2246,Viper-crested Round Shield,Hephaestus Forge-god,9000,1,2023-10-07T11:16:26.000Z,https://universalis.app/market/2246
2248,Iron Kite Shield,Annabelle Pepperton,10000,1,2023-09-17T17:49:56.000Z,https://universalis.app/market/2248
2250,Goatskin Targe,John Forest,3000,1,2023-09-15T15:29:08.000Z,https://universalis.app/market/2250
5093,Steel Rivets,Svydyr Fraewyn,4000,2,2023-09-22T20:14:38.000Z,https://universalis.app/market/5093
2257,Bull Hoplon,Sobra Ironmane,15000,1,2023-10-01T21:49:17.000Z,https://universalis.app/market/2257
2260,Decorated Buckler,Iris Fantasy,3000,1,2023-09-16T21:03:43.000Z,https://universalis.app/market/2260
2262,Decorated Iron Scutum,Logan Fox,26000,1,2023-09-17T22:31:05.000Z,https://universalis.app/market/2262
2268,Bladed Lantern Shield,Mera T'sovya,15000,1,2023-09-23T04:54:05.000Z,https://universalis.app/market/2268
2270,Raptorskin Targe,Lord Xyphoos,42000,1,2023-09-24T01:08:52.000Z,https://universalis.app/market/2270
5099,Mythril Rivets,Kurai Tsubasa,5000,10,2023-09-23T04:50:48.000Z,https://universalis.app/market/5099
2232,Rusting Scutum,Lunelle Lavigne,8888,1,2023-09-19T05:06:12.000Z,https://universalis.app/market/2232
2279,Cobalt Scutum,Big-cat Logan,20000,1,2023-09-14T18:19:47.000Z,https://universalis.app/market/2279
5094,Cobalt Rivets,Surly Panther,4000,2,2023-09-20T20:23:44.000Z,https://universalis.app/market/5094
2287,Eagle-crested Round Shield,Lucythebates Sr,21999,1,2023-09-15T03:38:16.000Z,https://universalis.app/market/2287
2289,Vintage Round Shield,Sen'ku Fenris,30000,1,2023-09-28T15:05:03.000Z,https://universalis.app/market/2289
5228,Ragstone,Ibram Fairclough,999,1,2023-10-07T23:48:36.000Z,https://universalis.app/market/5228
5517,Lanolin,Aitch Bar,767,1,2023-10-07T06:59:59.000Z,https://universalis.app/market/5517
2294,Kite Shield,Henry Ninth,5555,1,2023-09-13T06:23:44.000Z,https://universalis.app/market/2294
2296,Cobalt Bladed Lantern Shield,Ryukuzo Wintersoul,30000,1,2023-09-17T00:01:59.000Z,https://universalis.app/market/2296
2298,Oxblood Targe,Jaylean Bryant,89999,1,2023-10-01T20:01:21.000Z,https://universalis.app/market/2298
2300,Vintage Kite Shield,Lilly Dragonblood,15000,1,2023-09-16T06:10:22.000Z,https://universalis.app/market/2300
2259,Scarred Kite Shield,Anner Anne,15024,1,2023-09-17T00:55:58.000Z,https://universalis.app/market/2259
2302,Darksteel Scutum,Ravyn Thurnstone,7999,1,2023-09-22T12:49:08.000Z,https://universalis.app/market/2302
5060,Darksteel Ingot,Aziel Yotsune,12003,1,2023-09-28T18:22:05.000Z,https://universalis.app/market/5060
5095,Darksteel Rivets,Jaya Folthorne,5000,99,2023-09-15T00:58:35.000Z,https://universalis.app/market/5095
2303,Darksteel Buckler,Mookite Argos,2030,1,2023-10-05T18:53:57.000Z,https://universalis.app/market/2303
2304,Spruce Round Shield,Aoko Lyonesse,1199,1,2023-09-26T06:28:09.000Z,https://universalis.app/market/2304
5379,Treated Spruce Lumber,Monka Mini,15000,1,2023-09-14T18:57:15.000Z,https://universalis.app/market/5379
2315,Bronze Saw,Lucythebates Sr,5000,1,2023-09-18T22:54:53.000Z,https://universalis.app/market/2315
2316,Amateur's Saw,Me-and Meatball,5000,1,2023-10-05T22:07:45.000Z,https://universalis.app/market/2316
2317,Chocobotail Saw,Xander Rubus,3790,1,2023-09-28T15:55:45.000Z,https://universalis.app/market/2317
2318,Initiate's Saw,Bunnbun Neph,15018,1,2023-09-21T18:30:04.000Z,https://universalis.app/market/2318
2320,Iron Chocobotail Saw,Ana Mae,3000,1,2023-09-18T22:08:47.000Z,https://universalis.app/market/2320
2322,Crosscut Saw,Ruze Edalgna,6500,1,2023-09-18T22:49:16.000Z,https://universalis.app/market/2322
2323,Mythril Saw,Yohane Yunalesca,26077,1,2023-09-16T09:31:54.000Z,https://universalis.app/market/2323
2324,Mythril Chocobotail Saw,Kestla Haerfrask,1000,1,2023-09-13T02:26:09.000Z,https://universalis.app/market/2324
2325,Bas-relief Cobalt Saw,Arthrilhed Langdale,60110,1,2023-09-15T01:11:48.000Z,https://universalis.app/market/2325
2328,Amateur's Claw Hammer,Bahamut Wyrmblood,2000,1,2023-09-13T04:58:57.000Z,https://universalis.app/market/2328
2329,Bronze Claw Hammer,Darth Rice,3979,1,2023-09-13T21:28:46.000Z,https://universalis.app/market/2329
2331,Iron Claw Hammer,Lucythebates Sr,10020,1,2023-09-18T23:16:00.000Z,https://universalis.app/market/2331
5483,Jellyfish Humours,Pugdog Hoover,2000,1,2023-09-20T17:37:06.000Z,https://universalis.app/market/5483
2332,Initiate's Claw Hammer,Ana Mae,2101,1,2023-09-18T22:08:53.000Z,https://universalis.app/market/2332
2334,Steel Claw Hammer,Darth Rice,20000,1,2023-09-14T01:13:37.000Z,https://universalis.app/market/2334
2335,Wrapped Steel Claw Hammer,Yohane Yunalesca,31000,1,2023-09-16T09:32:00.000Z,https://universalis.app/market/2335
5485,Linseed Oil,Hexhera Rayne,5000,10,2023-09-14T07:20:59.000Z,https://universalis.app/market/5485
2338,Cobalt Claw Hammer,Naomi Kusakari,15000,1,2023-09-24T03:01:11.000Z,https://universalis.app/market/2338
2339,Militia Claw Hammer,Darth Rice,190000,1,2023-09-14T20:07:58.000Z,https://universalis.app/market/2339
2341,Bronze Cross-pein Hammer,Potato Plato,10000,1,2023-09-24T02:33:31.000Z,https://universalis.app/market/2341
2342,Amateur's Cross-pein Hammer,Mem Donostein,2980,1,2023-10-06T18:42:54.000Z,https://universalis.app/market/2342
2343,Birdsbeak Hammer,Forseti Eckesachs,125,1,2023-09-30T17:44:16.000Z,https://universalis.app/market/2343
5325,Undyed Cotton Cloth,Leili Kouris,1000,1,2023-09-15T02:25:49.000Z,https://universalis.app/market/5325
2344,Iron Cross-pein Hammer,Kiiro Tenshi,50000,1,2023-09-23T17:29:17.000Z,https://universalis.app/market/2344
2346,Crowsbeak Hammer,Idont Likefurries,10000,1,2023-10-10T07:41:24.000Z,https://universalis.app/market/2346
2347,Heavy Crowsbeak Hammer,Jake'from Statefarm,30,1,2023-10-05T02:33:13.000Z,https://universalis.app/market/2347
2348,Steel Cross-pein Hammer,Skaisier Schatten,5056,1,2023-09-14T21:09:49.000Z,https://universalis.app/market/2348
5326,Undyed Velveteen,Frankstral Stasis,7000,2,2023-09-27T05:44:53.000Z,https://universalis.app/market/5326
2349,Steel Crowsbeak Hammer,Anaximander Aletheia,45000,1,2023-09-25T11:41:38.000Z,https://universalis.app/market/2349
2350,Wrapped Crowsbeak Hammer,Ruze Edalgna,39999,1,2023-09-20T15:25:27.000Z,https://universalis.app/market/2350
2351,Cobalt Cross-pein Hammer,Dorys Lanquairt,4500,1,2023-09-20T22:12:05.000Z,https://universalis.app/market/2351
2352,Wrapped Hawksbeak Hammer,Cyreck Saikoro,29910,1,2023-09-18T19:20:47.000Z,https://universalis.app/market/2352
2355,Amateur's File,Cordelia Windrunner,100,1,2023-09-28T00:59:09.000Z,https://universalis.app/market/2355
2356,Bronze File,Niniro Kurogane,300,1,2023-09-18T14:36:47.000Z,https://universalis.app/market/2356
2358,Iron File,Elidyr Nix,5000,1,2023-09-19T03:58:24.000Z,https://universalis.app/market/2358
2359,Initiate's File,Rory Noire,20000,1,2023-09-26T11:48:51.000Z,https://universalis.app/market/2359
2361,Steel File,Skaisier Schatten,53,1,2023-09-14T21:09:42.000Z,https://universalis.app/market/2361
2363,Mythril File,Dorys Lanquairt,30497,1,2023-09-20T22:12:08.000Z,https://universalis.app/market/2363
2364,Cobalt File,Cyreck Saikoro,30000,1,2023-09-18T19:21:29.000Z,https://universalis.app/market/2364
2365,Militia File,Tusk Talon,29600,1,2023-09-14T10:20:27.000Z,https://universalis.app/market/2365
2367,Bronze Doming Hammer,Niniro Kurogane,700,1,2023-09-14T09:00:27.000Z,https://universalis.app/market/2367
2368,Amateur's Doming Hammer,Jessa Lee,125,1,2023-10-06T01:15:13.000Z,https://universalis.app/market/2368
2369,Bronze Raising Hammer,Lucythebates Sr,161,1,2023-09-21T15:19:06.000Z,https://universalis.app/market/2369
2370,Iron Doming Hammer,Raelynn Storm,200,1,2023-09-27T18:25:21.000Z,https://universalis.app/market/2370
2371,Initiate's Doming Hammer,Kuina Dogtooth,4000,1,2023-09-17T19:43:05.000Z,https://universalis.app/market/2371
2372,Iron Raising Hammer,Mickey Angelo,18998,1,2023-09-23T23:06:51.000Z,https://universalis.app/market/2372
2373,Wrapped Iron Raising Hammer,Lucythebates Sr,8046,1,2023-09-26T15:06:51.000Z,https://universalis.app/market/2373
2374,Steel Doming Hammer,Boy Moder,15000,1,2023-10-06T22:59:32.000Z,https://universalis.app/market/2374
2375,Steel Raising Hammer,Dietrich Ostendorff,24989,1,2023-09-17T07:49:47.000Z,https://universalis.app/market/2375
2376,Cobalt Doming Hammer,Iu Iu,7111,1,2023-09-24T09:34:52.000Z,https://universalis.app/market/2376
2377,Cobalt Raising Hammer,Darth Rice,110000,1,2023-09-14T20:09:29.000Z,https://universalis.app/market/2377
2380,Amateur's Pliers,Alphiknows Your-sins,5000,1,2023-09-20T14:59:06.000Z,https://universalis.app/market/2380
2381,Bronze Pliers,Lucythebates Sr,99,1,2023-09-21T06:53:58.000Z,https://universalis.app/market/2381
2383,Iron Pliers,Talon Karde,10000,1,2023-09-22T03:32:42.000Z,https://universalis.app/market/2383
2384,Initiate's Pliers,Nuticus Maximus,10000,1,2023-09-27T07:45:09.000Z,https://universalis.app/market/2384
2386,Steel Pliers,Arthrilhed Langdale,5000,1,2023-09-14T23:36:32.000Z,https://universalis.app/market/2386
2388,Mythril Pliers,Callisto Pendragon,28000,1,2023-09-19T03:42:32.000Z,https://universalis.app/market/2388
2389,Cobalt Pliers,Mochi Peach,10000,1,2023-09-29T18:22:14.000Z,https://universalis.app/market/2389
2390,Militia Pliers,Lordkitten Softpaw,49995,1,2023-10-09T02:42:00.000Z,https://universalis.app/market/2390
2392,Bronze Chaser Hammer,Ramu Silly,5000,1,2023-09-14T02:29:20.000Z,https://universalis.app/market/2392
2393,Amateur's Chaser Hammer,S'ndae Kiyeh,100,1,2023-09-17T09:47:49.000Z,https://universalis.app/market/2393
2394,Bronze Ornamental Hammer,Heal Bimbo,1911,1,2023-09-18T18:50:34.000Z,https://universalis.app/market/2394
2395,Iron Chaser Hammer,Rory Noire,19990,1,2023-09-26T15:25:00.000Z,https://universalis.app/market/2395
2396,Initiate's Chaser Hammer,Farren Jarrett,10000,1,2023-10-06T22:32:21.000Z,https://universalis.app/market/2396
2397,Iron Ornamental Hammer,Arkey Yekra,1000,1,2023-09-29T19:00:58.000Z,https://universalis.app/market/2397
2398,Steel Chaser Hammer,Ruze Edalgna,10000,1,2023-09-18T19:09:53.000Z,https://universalis.app/market/2398
2399,Steel Ornamental Hammer,Bojangels Mhw,800,1,2023-09-17T00:17:09.000Z,https://universalis.app/market/2399
2400,Mythril Ornamental Hammer,Naomi Kusakari,50000,1,2023-09-16T00:03:23.000Z,https://universalis.app/market/2400
2401,Mythril Lapidary Hammer,Ruze Edalgna,20092,1,2023-09-18T19:43:21.000Z,https://universalis.app/market/2401
2402,Electrum Lapidary Hammer,Forgem Runezten,65000,1,2023-09-26T02:56:47.000Z,https://universalis.app/market/2402
5183,Tourmaline,Dex Incognito,900,2,2023-09-14T02:28:55.000Z,https://universalis.app/market/5183
2405,Amateur's Grinding Wheel,White Ztar,90,1,2023-09-14T17:44:49.000Z,https://universalis.app/market/2405
2406,Ragstone Grinding Wheel,S'ndae Kiyeh,1000,1,2023-09-17T09:47:40.000Z,https://universalis.app/market/2406
2408,Mudstone Grinding Wheel,Emily Greymane,15000,1,2023-09-17T19:19:15.000Z,https://universalis.app/market/2408
5229,Mudstone,Hesh Wolfsblood,700000,1,2023-09-20T15:42:51.000Z,https://universalis.app/market/5229
2409,Initiate's Grinding Wheel,Nuticus Maximus,10600,1,2023-10-04T18:00:43.000Z,https://universalis.app/market/2409
2411,Siltstone Grinding Wheel,Darth Rice,33999,1,2023-09-14T03:39:26.000Z,https://universalis.app/market/2411
5231,Siltstone,Ibe Profen,500,3,2023-10-04T19:17:17.000Z,https://universalis.app/market/5231
2413,Garnet Grinding Wheel,Matsu Merry,30000,1,2023-10-09T02:38:10.000Z,https://universalis.app/market/2413
5134,Raw Garnet,Nymian Scholar,250,10,2023-09-13T15:52:16.000Z,https://universalis.app/market/5134
2414,Basilisk Grinding Wheel,Potato Plato,65000,1,2023-09-25T00:18:13.000Z,https://universalis.app/market/2414
5263,Basilisk Egg,Cerine Samorn,884,10,2023-09-19T17:24:19.000Z,https://universalis.app/market/5263
2415,Militia Grinding Wheel,Jake'from Statefarm,20000,1,2023-10-02T01:56:22.000Z,https://universalis.app/market/2415
5158,Astral Rock,S'ndae Kiyeh,80,2,2023-09-19T09:09:49.000Z,https://universalis.app/market/5158
2417,Bronze Head Knife,Xander Rubus,3250,1,2023-09-22T21:33:05.000Z,https://universalis.app/market/2417
2418,Amateur's Head Knife,Inanna Tenshi,4009,1,2023-10-10T19:50:40.000Z,https://universalis.app/market/2418
2419,Brass Head Knife,Penguin Tree,10000,1,2023-09-22T17:05:03.000Z,https://universalis.app/market/2419
2420,Initiate's Head Knife,Niniro Kurogane,22500,1,2023-09-19T21:42:23.000Z,https://universalis.app/market/2420
2421,Iron Round Knife,Xander Rubus,5000,1,2023-09-22T21:33:40.000Z,https://universalis.app/market/2421
2422,Iron Head Knife,Elidyr Nix,10041,1,2023-09-29T06:21:53.000Z,https://universalis.app/market/2422
2423,Silver Head Knife,Aieny Celenovia,4500,1,2023-09-24T22:10:27.000Z,https://universalis.app/market/2423
2424,Steel Round Knife,Ravyn Thurnstone,15500,1,2023-09-18T11:08:08.000Z,https://universalis.app/market/2424
2425,Mythril Head Knife,Darkheart Syn,50000,1,2023-09-22T14:40:03.000Z,https://universalis.app/market/2425
2426,Mythril Round Knife,Kouhai Koko,5000,1,2023-09-17T23:14:11.000Z,https://universalis.app/market/2426
2427,Electrum Head Knife,Darth Rice,65000,1,2023-09-14T20:10:39.000Z,https://universalis.app/market/2427
2430,Amateur's Awl,Winter Blossom,500,1,2023-09-15T12:19:40.000Z,https://universalis.app/market/2430
2431,Bronze Awl,Kirbly Durbly,4000,1,2023-10-07T05:02:23.000Z,https://universalis.app/market/2431
2433,Iron Awl,Ishtar Anastasia,15000,1,2023-09-23T06:11:32.000Z,https://universalis.app/market/2433
2434,Initiate's Awl,Retroactive Augury,10000,1,2023-10-03T22:31:28.000Z,https://universalis.app/market/2434
2436,Steel Awl,Greenpea Soup,20000,1,2023-09-17T21:48:21.000Z,https://universalis.app/market/2436
2437,Wrapped Steel Awl,Ravyn Thurnstone,50000,1,2023-09-18T11:08:02.000Z,https://universalis.app/market/2437
2440,Cobalt Awl,Kameko Oblivion,15000,1,2023-09-26T08:41:30.000Z,https://universalis.app/market/2440
2443,Copper Needle,Nell Higgins,4000,1,2023-09-24T08:30:00.000Z,https://universalis.app/market/2443
2444,Bat Fang Needle,Luna Moonshine,3000,1,2023-09-29T16:44:38.000Z,https://universalis.app/market/2444
2445,Amateur's Needle,Night Rains,2210,1,2023-09-17T01:49:39.000Z,https://universalis.app/market/2445
2446,Brass Needle,Ry'neuth Keki,10000,1,2023-09-29T22:30:08.000Z,https://universalis.app/market/2446
2447,Initiate's Needle,Shin Takeru,9993,1,2023-09-16T23:01:23.000Z,https://universalis.app/market/2447
2448,Silver Needle,Akari Sara,250,1,2023-10-06T01:30:47.000Z,https://universalis.app/market/2448
2449,Worm Fang Needle,Grass Cake,24800,1,2023-09-24T17:55:54.000Z,https://universalis.app/market/2449
5447,Sandworm Fang,Feliski Spaghettini,150,99,2023-09-19T22:13:31.000Z,https://universalis.app/market/5447
2451,Wolf Fang Needle,Nuticus Maximus,20000,1,2023-10-04T14:53:43.000Z,https://universalis.app/market/2451
2452,Thousand Needle,Akari Sara,20000,1,2023-10-06T02:10:18.000Z,https://universalis.app/market/2452
5468,Cactuar Needle,Eschina Blacke,2000,1,2023-10-05T03:27:32.000Z,https://universalis.app/market/5468
2453,Electrum Needle,Ruze Edalgna,8888,1,2023-09-21T03:32:43.000Z,https://universalis.app/market/2453
2456,Amateur's Spinning Wheel,Lumio Essen,4000,1,2023-09-13T22:57:13.000Z,https://universalis.app/market/2456
2457,Ash Spinning Wheel,Lucythebates Sr,8990,1,2023-09-16T14:54:28.000Z,https://universalis.app/market/2457
2459,Initiate's Spinning Wheel,Althea Amaryllis,1000,1,2023-09-13T22:55:27.000Z,https://universalis.app/market/2459
2460,Elm Spinning Wheel,Rothe Gateau,10000,1,2023-10-06T04:05:53.000Z,https://universalis.app/market/2460
2462,Walnut Spinning Wheel,Xander Rubus,6000,1,2023-09-27T16:01:59.000Z,https://universalis.app/market/2462
2464,Mahogany Spinning Wheel,Darth Rice,15000,1,2023-09-14T01:11:33.000Z,https://universalis.app/market/2464
2465,Rosewood Spinning Wheel,Ruze Edalgna,35555,1,2023-09-18T20:56:08.000Z,https://universalis.app/market/2465
2466,Militia Spinning Wheel,Valerie Belemne,45000,1,2023-09-15T00:26:05.000Z,https://universalis.app/market/2466
2468,Bronze Alembic,Lucythebates Sr,99999,1,2023-09-18T22:53:04.000Z,https://universalis.app/market/2468
2469,Amateur's Alembic,Rory Noire,9000,1,2023-09-17T12:57:27.000Z,https://universalis.app/market/2469
2470,Brass Alembic,Neio Sol'eki,813,1,2023-09-18T23:10:23.000Z,https://universalis.app/market/2470
2471,Initiate's Alembic,Lucythebates Sr,3000,1,2023-09-29T06:00:49.000Z,https://universalis.app/market/2471
2472,Iron Alembic,Shin Takeru,5000,1,2023-09-23T18:13:05.000Z,https://universalis.app/market/2472
2473,Conical Alembic,Estelle Ceres,28950,1,2023-09-25T22:37:28.000Z,https://universalis.app/market/2473
2474,Steel Alembic,Ruze Edalgna,10000,1,2023-09-18T18:31:37.000Z,https://universalis.app/market/2474
2475,Silver Alembic,Saheeli Rai,3000,1,2023-10-01T18:19:07.000Z,https://universalis.app/market/2475
2476,Mythril Alembic,Gwen Gria,35000,1,2023-09-22T10:45:43.000Z,https://universalis.app/market/2476
2477,Electrum Alembic,Azaelea Selidron,39000,1,2023-10-06T15:29:27.000Z,https://universalis.app/market/2477
2478,Thermal Alembic,Oberon Yllavaris,34950,1,2023-10-06T12:58:06.000Z,https://universalis.app/market/2478
2481,Amateur's Mortar,Nebben Eezerscrooge,995,1,2023-10-06T23:16:27.000Z,https://universalis.app/market/2481
2482,Bronze Mortar,Rory Noire,4000,1,2023-09-16T04:04:58.000Z,https://universalis.app/market/2482
2484,Iron Mortar,Kuina Dogtooth,4000,1,2023-09-18T05:55:52.000Z,https://universalis.app/market/2484
2485,Initiate's Mortar,Re'gor Tegne,2019,1,2023-09-17T23:45:41.000Z,https://universalis.app/market/2485
2487,Steel Mortar,Greenpea Soup,10000,1,2023-09-21T19:20:30.000Z,https://universalis.app/market/2487
2488,Heavy Steel Mortar,S'ndae Kiyeh,3900,1,2023-09-18T10:55:25.000Z,https://universalis.app/market/2488
2491,Cobalt Mortar,Haela Darkrain,20107,1,2023-09-13T19:46:32.000Z,https://universalis.app/market/2491
2492,Militia Mortar,Oquar Stillwater,40000,1,2023-10-05T09:10:34.000Z,https://universalis.app/market/2492
2494,Bronze Skillet,Nebben Eezerscrooge,5000,1,2023-10-06T23:16:45.000Z,https://universalis.app/market/2494
2495,Amateur's Skillet,Elidyr Nix,3157,1,2023-09-28T13:56:23.000Z,https://universalis.app/market/2495
2496,Iron Skillet,Kitsune Kurogane,11113,1,2023-09-16T03:27:51.000Z,https://universalis.app/market/2496
2497,Initiate's Skillet,Blast'a Masta,3000,1,2023-09-28T20:08:47.000Z,https://universalis.app/market/2497
2498,Iron Frypan,Ishii Utatsuki,11126,1,2023-09-15T15:10:35.000Z,https://universalis.app/market/2498
2499,Bomb Frypan,Dex Incognito,3000,1,2023-09-17T20:11:43.000Z,https://universalis.app/market/2499
5528,Bomb Ash,Akemiko Ishikama,300,1,2023-09-25T07:18:05.000Z,https://universalis.app/market/5528
2501,White Skillet,V' V',6000,1,2023-10-09T20:20:45.000Z,https://universalis.app/market/2501
2502,Steel Frypan,Kestla Haerfrask,39999,1,2023-09-14T01:29:17.000Z,https://universalis.app/market/2502
2503,Cobalt Skillet,Lucythebates Sr,20000,1,2023-09-21T23:39:09.000Z,https://universalis.app/market/2503
2504,Hells' Kitchen,Amaretto Tort,30000,1,2023-09-16T18:21:27.000Z,https://universalis.app/market/2504
2507,Amateur's Culinary Knife,Inaya Kharlu,6000,1,2023-10-09T12:51:30.000Z,https://universalis.app/market/2507
2508,Bronze Culinary Knife,Retroactive Augury,5000,1,2023-10-04T08:17:37.000Z,https://universalis.app/market/2508
2510,Iron Culinary Knife,Ruze Edalgna,9000,1,2023-09-19T03:05:26.000Z,https://universalis.app/market/2510
2511,Initiate's Culinary Knife,Neyven Draung,14000,1,2023-09-30T03:00:19.000Z,https://universalis.app/market/2511
2513,Steel Culinary Knife,Ashedar Deroso,21700,1,2023-10-08T00:44:06.000Z,https://universalis.app/market/2513
2516,Mythril Culinary Knife,Tulth Mystflame,25555,1,2023-09-15T22:10:28.000Z,https://universalis.app/market/2516
2518,Militia Culinary Knife,Lucythebates Sr,49899,1,2023-09-22T00:31:40.000Z,https://universalis.app/market/2518
2520,Bronze Pickaxe,Anne Honey,4400,1,2023-10-01T04:12:35.000Z,https://universalis.app/market/2520
2521,Amateur's Pickaxe,Daedalus Icarian,4500,1,2023-09-23T11:59:58.000Z,https://universalis.app/market/2521
2522,Plumed Bronze Pickaxe,Rinni Rapport,5000,1,2023-09-15T18:19:30.000Z,https://universalis.app/market/2522
2523,Iron Pickaxe,Greenpea Soup,9000,1,2023-09-14T14:50:10.000Z,https://universalis.app/market/2523
2524,Initiate's Pickaxe,Skaisier Schatten,1023,1,2023-09-22T00:11:34.000Z,https://universalis.app/market/2524
2525,Iron Dolabra,Wax-on Wax-off,30000,1,2023-09-13T18:20:34.000Z,https://universalis.app/market/2525
2526,Steel Pickaxe,Kiriya Ren,2046,1,2023-09-29T20:03:59.000Z,https://universalis.app/market/2526
2527,Steel Dolabra,Chi Usagi,12500,1,2023-09-14T03:54:31.000Z,https://universalis.app/market/2527
2528,Plumed Mythril Pickaxe,Lovely Bloodrose,30074,1,2023-09-30T03:18:17.000Z,https://universalis.app/market/2528
5327,Undyed Linen,Sunrise Lockhart,4998,3,2023-09-29T08:08:30.000Z,https://universalis.app/market/5327
2529,Cobalt Dolabra,Roxie Flare,5499,1,2023-09-22T17:48:43.000Z,https://universalis.app/market/2529
2530,Egret Dolabra,Drefen Raexs,77777,1,2023-09-17T06:05:10.000Z,https://universalis.app/market/2530
2534,Bronze Sledgehammer,Anne Honey,5000,1,2023-10-01T04:14:27.000Z,https://universalis.app/market/2534
2536,Initiate's Sledgehammer,Trecent Kogane,11000,1,2023-09-25T17:28:46.000Z,https://universalis.app/market/2536
2537,Iron Sledgehammer,Juicy Iryut,22000,1,2023-09-24T12:07:09.000Z,https://universalis.app/market/2537
2539,Steel Sledgehammer,Ruze Edalgna,50000,1,2023-09-21T15:34:38.000Z,https://universalis.app/market/2539
2540,Wrapped Steel Sledgehammer,Angel Black,15000,1,2023-09-13T23:30:59.000Z,https://universalis.app/market/2540
2542,Mythril Sledgehammer,Iu Iu,40000,1,2023-09-24T09:34:26.000Z,https://universalis.app/market/2542
2543,Cobalt Sledgehammer,Ari Kamikura,65000,1,2023-09-17T03:16:09.000Z,https://universalis.app/market/2543
2544,Militia Sledgehammer,Venti Sus,23999,1,2023-09-19T06:44:11.000Z,https://universalis.app/market/2544
2546,Bronze Hatchet,Erich Bunios,5000,1,2023-09-30T21:12:58.000Z,https://universalis.app/market/2546
2547,Amateur's Hatchet,Amati Amour,16999,1,2023-09-30T04:09:22.000Z,https://universalis.app/market/2547
2548,Iron Hatchet,Rinni Rapport,19748,1,2023-09-15T18:49:50.000Z,https://universalis.app/market/2548
2549,Initiate's Hatchet,Lwan Sky,15999,1,2023-09-27T01:52:56.000Z,https://universalis.app/market/2549
2550,Brass Hatchet,Ahmay Fable,16250,1,2023-09-17T17:03:44.000Z,https://universalis.app/market/2550
2551,Plumed Iron Hatchet,Lil Bee,50000,1,2023-09-18T10:20:42.000Z,https://universalis.app/market/2551
5359,Chocobo Feather,Lofi Toast,2400,5,2023-09-30T17:40:38.000Z,https://universalis.app/market/5359
2552,Steel Hatchet,Lavender Rose,40053,1,2023-10-09T00:24:21.000Z,https://universalis.app/market/2552
2553,Plumed Steel Hatchet,Jake'from Statefarm,15000,1,2023-09-24T09:47:59.000Z,https://universalis.app/market/2553
2554,Mythril Hatchet,Scarlet Herrin,21999,1,2023-09-14T18:15:16.000Z,https://universalis.app/market/2554
2555,Cobalt Hatchet,Ash Brogen,50086,1,2023-10-06T00:35:29.000Z,https://universalis.app/market/2555
2556,Horned Hatchet,Diantha Arbustos,65000,1,2023-09-15T00:45:11.000Z,https://universalis.app/market/2556
2560,Bronze Scythe,So Ad,5000,1,2023-10-06T05:52:03.000Z,https://universalis.app/market/2560
2562,Iron Scythe,Lucythebates Sr,19,1,2023-09-15T09:00:54.000Z,https://universalis.app/market/2562
2563,Initiate's Scythe,Wax-on Wax-off,15000,1,2023-09-14T14:25:58.000Z,https://universalis.app/market/2563
2565,Steel Scythe,Tabi Yuki,30000,1,2023-09-18T00:02:30.000Z,https://universalis.app/market/2565
2566,Wrapped Steel Scythe,Koh Moshan,3059,1,2023-09-16T01:17:30.000Z,https://universalis.app/market/2566
2568,Mythril Scythe,Mickey Angelo,30000,1,2023-09-24T18:53:31.000Z,https://universalis.app/market/2568
2569,Cobalt Scythe,Ruze Edalgna,49999,1,2023-09-22T02:25:53.000Z,https://universalis.app/market/2569
2570,Militia Scythe,Diantha Arbustos,35999,1,2023-09-15T00:45:02.000Z,https://universalis.app/market/2570
2572,Maple Fishing Rod,Rory Noire,7000,1,2023-09-17T12:57:04.000Z,https://universalis.app/market/2572
2573,Amateur's Fishing Rod,Tzuki Naomi,1111,1,2023-09-23T22:27:30.000Z,https://universalis.app/market/2573
2574,Elm Fishing Rod,Nuticus Maximus,20000,1,2023-09-19T23:26:14.000Z,https://universalis.app/market/2574
2575,Initiate's Fishing Rod,Ruze Edalgna,10000,1,2023-09-21T13:41:44.000Z,https://universalis.app/market/2575
2576,Yew Fishing Rod,Hephaestus Forge-god,28000,1,2023-09-19T19:21:58.000Z,https://universalis.app/market/2576
2577,Staghorn Fishing Rod,Some Legend,2500,1,2023-09-14T20:26:39.000Z,https://universalis.app/market/2577
2578,Walnut Fishing Rod,Nodada Yukimura,30000,1,2023-09-17T20:38:36.000Z,https://universalis.app/market/2578
2579,Horn Fishing Rod,Verric Lazarus,5000,1,2023-09-19T12:20:39.000Z,https://universalis.app/market/2579
2580,Mahogany Fishing Rod,Ana Mae,50000,1,2023-09-13T17:56:07.000Z,https://universalis.app/market/2580
2581,Rosewood Fishing Rod,Meora Maar,10000,1,2023-09-14T02:31:44.000Z,https://universalis.app/market/2581
2582,Gilded Rosewood Fishing Rod,Shion Alvero,45000,1,2023-09-16T06:41:09.000Z,https://universalis.app/market/2582
2588,Crayfish Ball,Grimm Mythos,50,99,2023-09-14T03:39:15.000Z,https://universalis.app/market/2588
4825,Rye Flour,Roselyn Iris,1000,15,2023-09-17T17:57:19.000Z,https://universalis.app/market/4825
4925,Crayfish,Getgud Bud,501,3,2023-09-15T06:24:07.000Z,https://universalis.app/market/4925
2589,Goby Ball,Void Life,100,99,2023-09-16T23:56:17.000Z,https://universalis.app/market/2589
4931,Dusk Goby,Mirabelle Bees,500,2,2023-09-29T23:22:33.000Z,https://universalis.app/market/4931
2593,Crab Ball,Ahksa Lhasde,100,9,2023-09-17T15:14:37.000Z,https://universalis.app/market/2593
4880,Helmet Crab,Slarti Bartfast,5000,2,2023-09-16T04:06:01.000Z,https://universalis.app/market/4880
2595,Bass Ball,Void Life,5,99,2023-09-15T18:00:41.000Z,https://universalis.app/market/2595
4826,Sunset Wheat Flour,Kuina Dogtooth,300,10,2023-09-17T20:45:41.000Z,https://universalis.app/market/4826
4959,Dark Bass,Likol Newesfve,3000,1,2023-09-25T15:11:14.000Z,https://universalis.app/market/4959
2598,Herring Ball,E'thvell Forta,71,9,2023-09-18T19:13:13.000Z,https://universalis.app/market/2598
4895,Indigo Herring,Rialani Gernhart,1500,1,2023-09-17T21:48:34.000Z,https://universalis.app/market/4895
2610,Chocobo Fly,Hibikase Hatsune,800,1,2023-09-19T00:40:22.000Z,https://universalis.app/market/2610
2611,Floating Minnow,Tera Brandfordd,150,5,2023-09-18T21:07:46.000Z,https://universalis.app/market/2611
2612,Brass Spoon Lure,Harlin Xzavis,199,99,2023-09-21T02:47:19.000Z,https://universalis.app/market/2612
2614,Crow Fly,Vern Valentine,300,20,2023-09-25T04:53:14.000Z,https://universalis.app/market/2614
2616,Steel Jig,Nikka Megami,499,8,2023-09-20T04:24:01.000Z,https://universalis.app/market/2616
2617,Sinking Minnow,Aletheia Angeliel,3000,5,2023-09-13T03:15:56.000Z,https://universalis.app/market/2617
2618,Snurble Fly,Aletheia Angeliel,3000,5,2023-09-13T03:17:04.000Z,https://universalis.app/market/2618
5349,Snurble Tufts,Aieny Celenovia,1001,2,2023-10-09T06:43:54.000Z,https://universalis.app/market/5349
2619,Heavy Steel Jig,Dork Ificus,3000,5,2023-09-16T08:30:39.000Z,https://universalis.app/market/2619
2620,Spinner,Pi'ina Keiki,3000,5,2023-09-17T19:53:32.000Z,https://universalis.app/market/2620
4900,Whitelip Oyster,Angel Kauma,2500,1,2023-09-13T18:34:24.000Z,https://universalis.app/market/4900
2622,Mythril Spoon Lure,Jeanna Starfoot,390,2,2023-09-30T12:05:56.000Z,https://universalis.app/market/2622
2623,Wildfowl Fly,Demi Fraust,444,1,2023-09-20T05:04:42.000Z,https://universalis.app/market/2623
2624,Topwater Frog,Aletheia Angeliel,3000,5,2023-09-13T03:18:17.000Z,https://universalis.app/market/2624
2625,Rainbow Spoon Lure,Mochi Donut,3882,10,2023-09-15T02:43:48.000Z,https://universalis.app/market/2625
5466,Blacklip Oyster,Warrick Appleton,3995,1,2023-09-25T12:06:40.000Z,https://universalis.app/market/5466
2626,Spinnerbait,Takeke Take,5000,5,2023-09-15T03:41:36.000Z,https://universalis.app/market/2626
5329,Undyed Felt,Etho Sensei,9000,1,2023-09-22T03:41:24.000Z,https://universalis.app/market/5329
2627,Streamer,Takeke Take,3000,5,2023-09-15T03:39:51.000Z,https://universalis.app/market/2627
2628,Yumizuno,Aletheia Angeliel,4850,1,2023-09-13T03:17:45.000Z,https://universalis.app/market/2628
2629,Hempen Coif,Clown Chan,100000000,1,2023-09-28T15:48:47.000Z,https://universalis.app/market/2629
2630,Hempen Coif of Gathering,Rory Noire,9002,1,2023-09-26T14:17:37.000Z,https://universalis.app/market/2630
2631,Leather Calot,Narissa Skydragon,99000,1,2023-09-18T12:18:51.000Z,https://universalis.app/market/2631
12590,Ramie Cloth,Alex Weytens,9001,1,2023-09-23T23:38:42.000Z,https://universalis.app/market/12590
12595,Ramie Thread,Nilana Atophos,1500,1,2023-10-10T03:46:56.000Z,https://universalis.app/market/12595
2652,Hempen Bandana,Reis Leone,10000,1,2023-09-18T08:14:41.000Z,https://universalis.app/market/2652
2653,Leather Eyepatch,Stumble Duckie,20750000,1,2023-10-02T02:00:33.000Z,https://universalis.app/market/2653
2654,Hard Leather Pot Helm,Yumiko Imagawa,5500000,1,2023-09-14T23:26:44.000Z,https://universalis.app/market/2654
2655,Hempen Hat,Pink Blossom,22000000,1,2023-09-29T14:19:12.000Z,https://universalis.app/market/2655
2656,Bronze Chain Coif,Eir Morn,21000000,1,2023-09-16T01:04:17.000Z,https://universalis.app/market/2656
5081,Bronze Rings,Lucythebates Sr,110,1,2023-09-21T06:29:41.000Z,https://universalis.app/market/5081
2658,Straw Hat,Lief Eksil,15000000,1,2023-10-01T00:44:11.000Z,https://universalis.app/market/2658
5342,Straw,Smaug Dragon,780,99,2023-09-20T13:11:30.000Z,https://universalis.app/market/5342
2660,Amateur's Headgear,Lucythebates Sr,5000,1,2023-09-19T07:53:22.000Z,https://universalis.app/market/2660
2661,Amateur's Hempen Coif,Barnabas Lasbrot,500,1,2023-09-16T23:21:13.000Z,https://universalis.app/market/2661
2662,Bronze Sallet,Syeirra Forelight,10000,1,2023-09-13T05:36:42.000Z,https://universalis.app/market/2662
2663,Stablemaid's Hat,Tenshi Itik,3000,1,2023-09-13T21:37:09.000Z,https://universalis.app/market/2663
5540,Carnation,Shin Takeru,51,99,2023-09-16T23:06:20.000Z,https://universalis.app/market/5540
2664,Bronze Barbut,Cidolfus Grimoire,5000,1,2023-09-21T23:10:19.000Z,https://universalis.app/market/2664
2666,Stablehand's Hat,Yui Tojou,5000,1,2023-09-16T05:00:44.000Z,https://universalis.app/market/2666
2668,Brass Spectacles,Niniro Kurogane,10000,1,2023-09-14T09:01:06.000Z,https://universalis.app/market/2668
5512,Clear Glass Lens,Surly Panther,4000,10,2023-09-26T14:28:52.000Z,https://universalis.app/market/5512
2669,Hard Leather Eyepatch,Seika Suwi,108,1,2023-09-16T19:05:32.000Z,https://universalis.app/market/2669
2670,Cotton Scarf,Morag Stilwell,15000,1,2023-09-28T12:16:31.000Z,https://universalis.app/market/2670
2672,Hard Leather Skullcap,Rory Noire,30000,1,2023-09-24T05:51:45.000Z,https://universalis.app/market/2672
2673,Bronze Celata,Tzuki Naomi,5007,1,2023-09-23T22:28:01.000Z,https://universalis.app/market/2673
2675,Ash Mask,Retroactive Augury,10530,1,2023-10-02T03:52:47.000Z,https://universalis.app/market/2675
2677,Hunting Hat,Nico' Robin,5001,1,2023-10-01T07:06:18.000Z,https://universalis.app/market/2677
2680,Decorated Bronze Barbut,Lumin Surt,20000,1,2023-09-24T18:11:30.000Z,https://universalis.app/market/2680
2685,Brass Circlet (Sunstone),Pina Cotton,4998,1,2023-10-01T15:23:12.000Z,https://universalis.app/market/2685
5169,Sunstone,Th'reftis Hyalenos,68,2,2023-09-18T11:27:02.000Z,https://universalis.app/market/5169
2687,Brass Circlet (Danburite),Tenshi Itik,1350,1,2023-09-25T03:40:47.000Z,https://universalis.app/market/2687
5170,Danburite,Rhaz Berry,4002,4,2023-10-05T06:11:44.000Z,https://universalis.app/market/5170
2689,Brass Circlet (Malachite),V' V',4500,1,2023-09-26T20:04:26.000Z,https://universalis.app/market/2689
5171,Malachite,Dork Ificus,200,1,2023-09-16T09:05:36.000Z,https://universalis.app/market/5171
2691,Brass Circlet (Sphene),Niniro Kurogane,10000,1,2023-09-18T14:45:46.000Z,https://universalis.app/market/2691
5172,Sphene,Torsten Foxe,211,9,2023-09-18T20:34:34.000Z,https://universalis.app/market/5172
2693,Brass Circlet (Fluorite),Mimi Akane,500,1,2023-09-25T23:29:06.000Z,https://universalis.app/market/2693
5173,Fluorite,Seika Suwi,50,3,2023-09-25T18:43:59.000Z,https://universalis.app/market/5173
2695,Brass Circlet (Lapis Lazuli),Trinty Mohun,2000,1,2023-09-26T03:04:24.000Z,https://universalis.app/market/2695
5174,Lapis Lazuli,Akuma Mir,600,20,2023-10-02T01:46:00.000Z,https://universalis.app/market/5174
2697,Goatskin Pot Helm,Jenni Code,2009,1,2023-10-01T20:04:11.000Z,https://universalis.app/market/2697
2699,Cotton Coif,Night Rains,3010,1,2023-09-17T23:52:54.000Z,https://universalis.app/market/2699
2700,Cotton Coif of Gathering,Rosalee Shadowmist,600000,1,2023-09-17T06:11:36.000Z,https://universalis.app/market/2700
2703,Ash Mask (Lapis Lazuli),Leili Kouris,5000,1,2023-09-15T02:23:28.000Z,https://universalis.app/market/2703
2708,Iron Sallet,Neio Sol'eki,10000,1,2023-09-22T05:59:14.000Z,https://universalis.app/market/2708
2710,Goatskin Eyepatch,Rory Noire,10000,1,2023-09-30T13:24:10.000Z,https://universalis.app/market/2710
2712,Iron Celata,Cilia Heart,4000000,1,2023-10-07T02:14:11.000Z,https://universalis.app/market/2712
5082,Iron Rings,Leili Kouris,980,2,2023-09-20T23:08:44.000Z,https://universalis.app/market/5082
2714,Initiate's Headgear,Yami Desu,20000,1,2023-09-14T02:42:56.000Z,https://universalis.app/market/2714
2719,Cotton Sugarloaf Hat,Ouka Ootori,4000,1,2023-09-30T15:04:51.000Z,https://universalis.app/market/2719
2723,Iron Elmo,Moggie Rae,10000,1,2023-10-01T16:48:57.000Z,https://universalis.app/market/2723
2725,Reinforced Iron Sallet,Mahalath Bloodmoon,2000,1,2023-09-18T02:31:06.000Z,https://universalis.app/market/2725
2727,Velveteen Bandana,Kana Vihrea,7250,1,2023-09-24T01:54:50.000Z,https://universalis.app/market/2727
2728,Silver Spectacles,Manic Monday,59000,1,2023-09-30T17:19:49.000Z,https://universalis.app/market/2728
2729,Velveteen Turban,Mercenary Hunter,20000,1,2023-09-26T21:01:05.000Z,https://universalis.app/market/2729
2731,Silver Magnifiers,Reckless Badgersan,30016,1,2023-09-24T21:39:39.000Z,https://universalis.app/market/2731
2733,Velveteen Wedge Cap of Crafting,Rory Noire,30000,1,2023-09-17T12:58:09.000Z,https://universalis.app/market/2733
2734,Velveteen Wedge Cap of Gathering,Nodada Yukimura,20000,1,2023-09-23T00:39:33.000Z,https://universalis.app/market/2734
2735,Silver Circlet (Garnet),Lorcan O'connor,22500,1,2023-10-04T22:54:43.000Z,https://universalis.app/market/2735
5175,Garnet,Ori Yorha,285,1,2023-09-18T09:08:56.000Z,https://universalis.app/market/5175
2737,Silver Circlet (Goshenite),Sachare Arlondo,10000,1,2023-09-27T13:25:41.000Z,https://universalis.app/market/2737
5176,Goshenite,Kavarion Sien,105,2,2023-09-21T19:39:33.000Z,https://universalis.app/market/5176
2739,Silver Circlet (Peridot),Nakra Koatal,25500,1,2023-10-05T21:59:11.000Z,https://universalis.app/market/2739
5177,Peridot,Calypso D'amour,100,2,2023-09-19T04:44:37.000Z,https://universalis.app/market/5177
2741,Silver Circlet (Heliodor),Natsu Otsusuki,15000,1,2023-09-14T20:39:48.000Z,https://universalis.app/market/2741
5178,Heliodor,Ms Eldari,4000,1,2023-09-19T10:43:29.000Z,https://universalis.app/market/5178
2743,Silver Circlet (Amethyst),Eith Neir,20000,1,2023-09-20T16:31:32.000Z,https://universalis.app/market/2743
5179,Amethyst,Etoinelle Dechamberre,499,29,2023-10-06T20:01:27.000Z,https://universalis.app/market/5179
2745,Silver Circlet (Aquamarine),Ari Kamikura,10000,1,2023-09-17T03:16:43.000Z,https://universalis.app/market/2745
5180,Aquamarine,Yozora Rose,999,2,2023-09-22T00:35:34.000Z,https://universalis.app/market/5180
2750,Velveteen Beret,Arthrilhed Langdale,50000,1,2023-09-14T21:35:13.000Z,https://universalis.app/market/2750
5343,Cotton Boll,Ravyn Thurnstone,150,25,2023-09-17T16:30:40.000Z,https://universalis.app/market/5343
5355,Dodo Feather,Swedish Fika,900,1,2023-09-28T21:04:25.000Z,https://universalis.app/market/5355
2753,Steel Sallet,Ness Star,39999,1,2023-09-16T03:18:12.000Z,https://universalis.app/market/2753
2755,Steel Celata,Casimir Arveh,30000,1,2023-09-14T02:03:13.000Z,https://universalis.app/market/2755
2757,Vintage Celata,H'aldris Va'zhul,1000,1,2023-09-29T18:02:13.000Z,https://universalis.app/market/2757
2758,Steel Goggles,Vampirella Blutengel,11000,1,2023-09-14T12:50:01.000Z,https://universalis.app/market/2758
2763,Velveteen Sugarloaf Hat,Delbeg Bolir,50031,1,2023-10-04T03:32:37.000Z,https://universalis.app/market/2763
2767,Skull Eyepatch,Retroactive Augury,49925,1,2023-10-03T22:31:57.000Z,https://universalis.app/market/2767
2769,Mythril Magnifiers,Lucythebates Sr,24000,1,2023-09-19T16:15:11.000Z,https://universalis.app/market/2769
2774,Mythril Spectacles,Kokomo Komo,30000,1,2023-09-17T14:29:49.000Z,https://universalis.app/market/2774
2776,Linen Turban,Maester Guado,30000,1,2023-09-15T03:11:18.000Z,https://universalis.app/market/2776
2778,Angler's Hat,Verric Lazarus,20000,1,2023-09-19T12:19:39.000Z,https://universalis.app/market/2778
2779,Linen Hat,Milyard Helstea,50000000,1,2023-09-24T23:09:35.000Z,https://universalis.app/market/2779
2785,Vintage Chef's Hat,Hermes Lyko,20000000,1,2023-09-26T09:38:25.000Z,https://universalis.app/market/2785
2657,Ripped Chef's Hat,Marzi Conejita,200,1,2023-09-17T23:24:18.000Z,https://universalis.app/market/2657
2786,Steel Barbut,Angel Black,25000,1,2023-09-29T02:27:38.000Z,https://universalis.app/market/2786
2790,Mythril Circlet (Rubellite),Hexhera Rayne,20000,1,2023-09-14T06:17:57.000Z,https://universalis.app/market/2790
5181,Rubellite,Few Yew,900,2,2023-09-21T03:55:15.000Z,https://universalis.app/market/5181
5182,Zircon,Dex Incognito,990,2,2023-09-17T19:07:23.000Z,https://universalis.app/market/5182
2796,Mythril Circlet (Amber),Iris Fantasy,4795,1,2023-09-16T21:06:39.000Z,https://universalis.app/market/2796
5184,Amber,Kavarion Sien,1052,1,2023-09-23T18:01:49.000Z,https://universalis.app/market/5184
2798,Mythril Circlet (Spinel),Samuel Poe,9899,1,2023-09-22T05:14:49.000Z,https://universalis.app/market/2798
5185,Spinel,Laza Naharis,500,3,2023-09-13T01:08:08.000Z,https://universalis.app/market/5185
2800,Mythril Circlet (Turquoise),Kona Keurilin,6000,1,2023-09-13T16:47:34.000Z,https://universalis.app/market/2800
5186,Turquoise,Ageha Cho,102,9,2023-09-26T09:13:24.000Z,https://universalis.app/market/5186
2802,Mythril Elmo,Only Fantasies,39500,1,2023-10-04T11:00:34.000Z,https://universalis.app/market/2802
2804,Linen Wedge Cap of Crafting,Faie Faie,8500,1,2023-09-27T16:02:55.000Z,https://universalis.app/market/2804
2805,Linen Wedge Cap of Gathering,King Kitty,25500,1,2023-09-18T03:22:18.000Z,https://universalis.app/market/2805
2806,Woolen Coif,Covva Foixewesfv,20000,1,2023-09-19T02:41:45.000Z,https://universalis.app/market/2806
5328,Undyed Woolen Cloth,Odinel Kemp,19000,2,2023-09-13T16:10:01.000Z,https://universalis.app/market/5328
2808,Woolen Coif of Gathering,Trecent Kogane,20000,1,2023-10-06T17:18:58.000Z,https://universalis.app/market/2808
2810,Woolen Turban,Kenpachi Banme,24000,1,2023-09-17T20:47:35.000Z,https://universalis.app/market/2810
2812,Mythril Celata,Evyn Sebring,15000,1,2023-09-13T02:26:26.000Z,https://universalis.app/market/2812
5089,Mythril Rings,Pella Peach,3000,1,2023-09-14T01:08:02.000Z,https://universalis.app/market/5089
2814,Woolen Hat,Nimue Tempest,28000,1,2023-10-05T03:40:19.000Z,https://universalis.app/market/2814
2816,Linen Deerstalker,Akura Shirogane,30000,1,2023-09-24T00:33:26.000Z,https://universalis.app/market/2816
2817,Mythril Barbut,Ash Brogen,24000,1,2023-09-14T02:18:54.000Z,https://universalis.app/market/2817
2819,Mythril Mesail,Tzuki Naomi,34995,1,2023-09-21T20:53:58.000Z,https://universalis.app/market/2819
2825,Ranger's Hat,Miss Vanjie,19999,1,2023-09-18T15:55:36.000Z,https://universalis.app/market/2825
2827,Mythril Chain Coif,Faith Solaris,19400,1,2023-09-28T23:08:55.000Z,https://universalis.app/market/2827
2829,Woolen Beret,Lord Xyphoos,40000,1,2023-09-24T01:11:07.000Z,https://universalis.app/market/2829
5348,Apkallu Down,Littlelala Foofoo,4000,1,2023-09-25T21:04:33.000Z,https://universalis.app/market/5348
2830,Reinforced Mythril Elmo,Lord Xyphoos,49999,1,2023-09-24T00:58:21.000Z,https://universalis.app/market/2830
2832,Woolen Cavalier's Hat,Felix Ashton,19900,1,2023-09-21T05:50:30.000Z,https://universalis.app/market/2832
2834,Cobalt Preserves,Me-and Meatball,29999,1,2023-09-27T04:55:29.000Z,https://universalis.app/market/2834
2835,Felt Coif,Tahla Nelhah,10000,1,2023-09-17T01:13:17.000Z,https://universalis.app/market/2835
2837,Felt Coif of Gathering,Zaen Midlandian,19998,1,2023-10-10T19:40:27.000Z,https://universalis.app/market/2837
2850,Cobalt Elmo,Luca Santiago,15000,1,2023-09-25T15:38:46.000Z,https://universalis.app/market/2850
2852,Felt Hat,Haela Darkrain,30000,1,2023-09-18T21:41:49.000Z,https://universalis.app/market/2852
2854,Woolen Deerstalker,Arthrilhed Langdale,35000,1,2023-09-15T00:45:39.000Z,https://universalis.app/market/2854
2855,Vintage Jester's Cap,Lucythebates Sr,27000,1,2023-09-15T03:59:15.000Z,https://universalis.app/market/2855
2702,Moldering Jester's Cap,Kurai Fluffytail,479,1,2023-09-28T18:22:25.000Z,https://universalis.app/market/2702
2857,Electrum Monocle,Boy Moder,27900,1,2023-10-06T23:39:37.000Z,https://universalis.app/market/2857
5087,Brass Rings,Demi Fraust,150,1,2023-09-17T05:58:27.000Z,https://universalis.app/market/5087
2859,Cobalt Barbut,Naomi Kusakari,31000,1,2023-09-19T23:43:45.000Z,https://universalis.app/market/2859
2861,Cobalt Mesail,Tabi Yuki,50000,1,2023-10-03T19:00:51.000Z,https://universalis.app/market/2861
2862,Raptorskin Pot Helm,Big-cat Logan,25000,1,2023-09-15T18:12:59.000Z,https://universalis.app/market/2862
2870,Electrum Circlet (Rubellite),Sokou Unzan,30000,1,2023-09-30T16:07:22.000Z,https://universalis.app/market/2870
2872,Electrum Circlet (Zircon),Cowboy Tanaka,39999,1,2023-09-13T12:27:52.000Z,https://universalis.app/market/2872
2874,Electrum Circlet (Tourmaline),Dorian Forbess,8999,1,2023-10-01T22:34:58.000Z,https://universalis.app/market/2874
2876,Electrum Circlet (Amber),Acerola O'rian,39999,1,2023-09-25T21:38:07.000Z,https://universalis.app/market/2876
2878,Electrum Circlet (Spinel),Cowboy Tanaka,39999,1,2023-09-13T12:27:45.000Z,https://universalis.app/market/2878
2880,Electrum Circlet (Turquoise),Bleiwyda Sundwilfwyn,800,1,2023-09-19T13:03:17.000Z,https://universalis.app/market/2880
2884,Cobalt Chain Coif,Yunalesca Yevon,6000,1,2023-10-08T00:30:36.000Z,https://universalis.app/market/2884
5084,Cobalt Rings,Illyria Amell,2000,1,2023-10-07T02:05:33.000Z,https://universalis.app/market/5084
2886,Felt Beret,Umari Kisne,29985,1,2023-09-21T00:05:15.000Z,https://universalis.app/market/2886
2889,Cobalt Celata,Saltheart Foamfollow,1500,1,2023-09-14T00:50:39.000Z,https://universalis.app/market/2889
2891,Felt Cavalier's Hat,Jaylean Bryant,29995,1,2023-10-01T20:01:41.000Z,https://universalis.app/market/2891
2893,Cobalt Sallet,Linken Twinken,11699,1,2023-09-13T00:45:32.000Z,https://universalis.app/market/2893
2895,Patrician's Wedge Cap,Havok Crippleton,45000,1,2023-10-06T01:57:41.000Z,https://universalis.app/market/2895
2911,Militia Barbut,Valus Rosfield,8999,1,2023-09-28T09:50:36.000Z,https://universalis.app/market/2911
2912,Militia Armet,Garion Riley,4393,1,2023-09-14T13:00:16.000Z,https://universalis.app/market/2912
2913,Militia Hat,Roo Iam,2171,1,2023-09-19T02:10:33.000Z,https://universalis.app/market/2913
2915,Silver Tricorne,Mina Seridina,9999,1,2023-09-28T19:00:50.000Z,https://universalis.app/market/2915
5287,Uraeus Leather,Beba Loot,12000,1,2023-09-30T22:12:36.000Z,https://universalis.app/market/5287
2920,Carpenter's Hood,Darth Rice,20000,1,2023-09-14T20:06:50.000Z,https://universalis.app/market/2920
2921,Blacksmith's Goggles,Ruze Edalgna,29999,1,2023-09-19T07:18:27.000Z,https://universalis.app/market/2921
2922,Armorer's Visor,Dietrich Ostendorff,7000,1,2023-09-17T20:51:23.000Z,https://universalis.app/market/2922
2923,Goldsmith's Turban,Rivet Nekomata,3985,1,2023-09-27T03:56:25.000Z,https://universalis.app/market/2923
2925,Weaver's Gibus,Jeanna Starfoot,9899,1,2023-10-01T09:44:41.000Z,https://universalis.app/market/2925
2926,Alchemist's Monocle,Mina Feet,17494,1,2023-10-01T17:04:46.000Z,https://universalis.app/market/2926
2928,Hamlet Digger's Helmet,Morgane Lionheart,43000,1,2023-09-27T14:13:15.000Z,https://universalis.app/market/2928
2929,Hamlet Cutter's Hat,Diantha Arbustos,30999,1,2023-09-15T00:47:24.000Z,https://universalis.app/market/2929
2930,Hamlet Puller's Hat,Naomi Kusakari,44997,1,2023-09-21T00:25:56.000Z,https://universalis.app/market/2930
2932,Rose Gold Circlet,Two Ee,15750,1,2023-09-23T21:24:32.000Z,https://universalis.app/market/2932
2931,Legionary Visor,Merlin Emryss,30000000,1,2023-09-15T22:20:05.000Z,https://universalis.app/market/2931
5067,Rose Gold Ingot,Katori Nu'ski,2000,1,2023-10-02T04:27:44.000Z,https://universalis.app/market/5067
2933,Imperial Operative Tricorne,Reacyn Pogue,1092,1,2023-09-14T23:01:00.000Z,https://universalis.app/market/2933
2934,Imperial Operative Hat,Two Ee,12000,1,2023-09-23T21:24:53.000Z,https://universalis.app/market/2934
5289,Hard Hippogryph Leather,String Bean,2401,1,2023-10-08T22:09:11.000Z,https://universalis.app/market/5289
2939,Gryphonskin Hat,Eva Rhapsody,100,1,2023-09-30T10:07:17.000Z,https://universalis.app/market/2939
2940,Darksteel Chain Coif,Zarlina Cott,1997,1,2023-10-09T21:58:21.000Z,https://universalis.app/market/2940
5085,Darksteel Rings,Lilly Dragonblood,5000,2,2023-09-19T05:51:29.000Z,https://universalis.app/market/5085
2941,Vanya Hat of Casting,Jeremy Tes,4000,1,2023-10-09T01:04:38.000Z,https://universalis.app/market/2941
5577,Vanya Silk Hat Lining,Didrianna Winterset,1889,2,2023-09-26T03:08:29.000Z,https://universalis.app/market/5577
2942,Vanya Hat of Healing,Lucia Grimm,3669,1,2023-10-08T19:40:31.000Z,https://universalis.app/market/2942
2958,Hempen Dalmatica,Tal'ewain Ashe,300,1,2023-09-27T02:42:46.000Z,https://universalis.app/market/2958
2959,Hempen Dalmatica of Gathering,Naki Zukata,203,1,2023-09-29T00:41:21.000Z,https://universalis.app/market/2959
2960,Hempen Tunic,Keygon Drakenguard,4999,1,2023-09-16T05:11:29.000Z,https://universalis.app/market/2960
2961,Hempen Kurta,Destroyer Adachi,150810000,1,2023-09-22T16:11:35.000Z,https://universalis.app/market/2961
2993,Company Tabard,Black Tea,1800000,1,2023-09-17T18:51:11.000Z,https://universalis.app/market/2993
2996,Hempen Undershirt,Lucythebates Sr,24900,1,2023-09-18T15:30:21.000Z,https://universalis.app/market/2996
2997,Hempen Camise,Clown Chan,100000000,1,2023-09-27T21:45:34.000Z,https://universalis.app/market/2997
2999,Hempen Tabard,Sesi Song,10000,1,2023-09-13T21:39:46.000Z,https://universalis.app/market/2999
3000,Hempen Cowl,Tux Stormblessed,1006,1,2023-10-04T04:47:26.000Z,https://universalis.app/market/3000
3001,Hempen Shepherd's Tunic,Strider Strix,11000,1,2023-09-24T06:22:34.000Z,https://universalis.app/market/3001
3008,Hempen Acton,Raelyn Grace,2106,1,2023-09-27T21:42:59.000Z,https://universalis.app/market/3008
5341,Moko Grass,Jazz Is,350,99,2023-09-19T16:22:19.000Z,https://universalis.app/market/5341
3010,Hempen Halfrobe,Sasha Moonglow,18000000,1,2023-09-16T05:49:23.000Z,https://universalis.app/market/3010
3011,Bronze Haubergeon,Rory Noire,5500,1,2023-09-14T02:17:47.000Z,https://universalis.app/market/3011
3013,Amateur's Doublet Vest,Aeryn Amariyo,10007,1,2023-09-19T03:33:56.000Z,https://universalis.app/market/3013
3014,Amateur's Kurta,C'opper Bantam,200,1,2023-09-28T06:12:06.000Z,https://universalis.app/market/3014
3015,Amateur's Dalmatica,M'lythia Amih,10007,1,2023-09-19T21:06:42.000Z,https://universalis.app/market/3015
3016,Leather Jacket,Yui Kurosagi,8000,1,2023-09-16T17:07:26.000Z,https://universalis.app/market/3016
3017,Hard Leather Harness,Bell Ux,4000,1,2023-09-13T20:46:21.000Z,https://universalis.app/market/3017
3018,Hempen Robe,Illustrious Clyne,5000,1,2023-09-23T16:34:29.000Z,https://universalis.app/market/3018
3019,Hempen Doublet Vest of Crafting,Zaen Midlandian,3400,1,2023-09-28T00:24:11.000Z,https://universalis.app/market/3019
3020,Hempen Doublet Vest of Gathering,Darth Adriano,1250,1,2023-09-23T19:41:02.000Z,https://universalis.app/market/3020
3022,Cotton Shirt,Ramiel Lazerian,750,1,2023-09-17T05:00:11.000Z,https://universalis.app/market/3022
3023,Cotton Shepherd's Tunic,Lux Suri,500,1,2023-09-22T04:33:18.000Z,https://universalis.app/market/3023
3024,Cotton Cowl,Mart Rain,300000000,1,2023-09-21T17:56:39.000Z,https://universalis.app/market/3024
3026,Bronze Cuirass,Tzuki Naomi,1000,1,2023-09-21T14:01:06.000Z,https://universalis.app/market/3026
3028,Cotton Tabard,Sasha Shadowpaw,450,1,2023-10-08T21:05:07.000Z,https://universalis.app/market/3028
3036,Cotton Dalmatica,Tenshi Itik,10000,1,2023-09-23T17:57:23.000Z,https://universalis.app/market/3036
3038,Cotton Dalmatica of Gathering,Lucythebates Sr,8000,1,2023-09-15T09:04:05.000Z,https://universalis.app/market/3038
3039,Cotton Acton,Hrist Vaelhart,15000,1,2023-10-08T23:48:47.000Z,https://universalis.app/market/3039
3041,Cotton Kurta,Zaria Modernia,10000,1,2023-10-06T22:04:48.000Z,https://universalis.app/market/3041
3043,Goatskin Jacket,Luna Saoirse,100,1,2023-09-14T21:32:34.000Z,https://universalis.app/market/3043
3045,Iron Cuirass,Ayumi Emi,2000,1,2023-09-18T05:03:26.000Z,https://universalis.app/market/3045
3050,Cotton Halfrobe,Johannes Abel,6000,1,2023-09-24T00:13:16.000Z,https://universalis.app/market/3050
3052,Cotton Doublet Vest of Crafting,Io Fyth,20000,1,2023-09-15T21:59:27.000Z,https://universalis.app/market/3052
3053,Cotton Doublet Vest of Gathering,Anne Bonny,27988,1,2023-10-05T02:48:55.000Z,https://universalis.app/market/3053
3057,Iron Scale Mail,Reighven Wrekz,15021,1,2023-10-05T05:06:36.000Z,https://universalis.app/market/3057
3060,Cotton Trapper's Tunic,Takagi Akito,4500,1,2023-09-17T22:58:56.000Z,https://universalis.app/market/3060
3062,Cotton Robe,Yunalesca Yevon,20000,1,2023-10-07T05:56:35.000Z,https://universalis.app/market/3062
3064,Initiate's Doublet Vest,Capulus Tempus,39000,1,2023-09-25T11:15:27.000Z,https://universalis.app/market/3064
3065,Initiate's Gown,Kana Vihrea,8450,1,2023-09-24T01:54:59.000Z,https://universalis.app/market/3065
3066,Velveteen Shirt,Mercenary Hunter,25000,1,2023-09-26T21:01:21.000Z,https://universalis.app/market/3066
3068,Heavy Iron Armor,Megumi Ornitier,60000000,1,2023-09-25T17:32:32.000Z,https://universalis.app/market/3068
3076,Vintage Coatee,Ivaldi Freyr,11000000,1,2023-09-14T02:52:10.000Z,https://universalis.app/market/3076
3009,Moth-eaten Coatee,Vee Eden,14700,1,2023-09-16T00:03:39.000Z,https://universalis.app/market/3009
3077,Velveteen Coatee of Crafting,Cpt Puddingcup,30000,1,2023-09-19T09:01:25.000Z,https://universalis.app/market/3077
3090,Velveteen Cowl,Emilia Satella,44444,1,2023-10-02T05:10:46.000Z,https://universalis.app/market/3090
3092,Velveteen Coatee of Gathering,Lo'z Sukehiro,16000,1,2023-09-15T16:14:34.000Z,https://universalis.app/market/3092
3096,Steel Chainmail,Shono Kagon,39000,1,2023-10-04T16:32:32.000Z,https://universalis.app/market/3096
5083,Steel Rings,Stevie Thomas,1000,1,2023-10-01T15:31:17.000Z,https://universalis.app/market/5083
3099,Toadskin Jerkin,Ahmay Fable,20000,1,2023-09-17T23:45:35.000Z,https://universalis.app/market/3099
3100,Toadskin Jacket,Shinobi Kaiyo,30000000,1,2023-10-07T03:22:26.000Z,https://universalis.app/market/3100
3102,Steel Cuirass,Ivaldi Freyr,30000000,1,2023-09-14T02:24:34.000Z,https://universalis.app/market/3102
3104,Velveteen Gown,Ravyn Thurnstone,30000,1,2023-09-24T00:07:58.000Z,https://universalis.app/market/3104
3105,Vintage Doublet Vest,Rize Aizen,325000,1,2023-09-23T07:09:54.000Z,https://universalis.app/market/3105
2998,Frayed Cotton Doublet Vest,Forgiven Wrath,5000,1,2023-09-13T00:54:12.000Z,https://universalis.app/market/2998
3106,Velveteen Robe,Sesi Song,40000,1,2023-09-13T22:24:14.000Z,https://universalis.app/market/3106
3118,Steel Scale Mail,Sobra Ironmane,2052,1,2023-10-01T21:50:22.000Z,https://universalis.app/market/3118
3120,Velveteen Doublet Vest of Crafting,Ramu Silly,39999,1,2023-09-14T03:22:56.000Z,https://universalis.app/market/3120
3121,Velveteen Doublet Vest of Gathering,Kazuma Kha,44990,1,2023-10-07T02:43:33.000Z,https://universalis.app/market/3121
3125,Linen Shirt,Lord Xyphoos,29999,1,2023-09-24T01:10:52.000Z,https://universalis.app/market/3125
3127,Heavy Steel Armor,Bun Tsukino,25000,1,2023-09-23T19:13:45.000Z,https://universalis.app/market/3127
3131,Linen Robe,Ashedar Deroso,15000,1,2023-10-06T02:57:19.000Z,https://universalis.app/market/3131
3137,Vintage Chef's Apron,Dietrich Ostendorff,30000,1,2023-09-17T07:51:02.000Z,https://universalis.app/market/3137
3012,Stained Chef's Apron,Kinni Fishe,300000000,1,2023-10-04T18:31:22.000Z,https://universalis.app/market/3012
3138,Boarskin Harness,Lady Satarel,200000,1,2023-09-16T03:45:57.000Z,https://universalis.app/market/3138
3140,Linen Cowl,Luulibur Beltruski,30000,1,2023-09-15T18:40:38.000Z,https://universalis.app/market/3140
3144,Linen Coatee of Crafting,Ibe Profen,29999,1,2023-09-29T14:42:35.000Z,https://universalis.app/market/3144
3145,Linen Coatee of Gathering,Velvet Gusion,17000,1,2023-09-22T04:28:01.000Z,https://universalis.app/market/3145
3146,Linen Bliaud,Meowmeow Bigheals,20000,1,2023-10-07T01:22:45.000Z,https://universalis.app/market/3146
3147,Woolen Shirt,Shu Yaru,20000,1,2023-09-23T08:53:47.000Z,https://universalis.app/market/3147
3149,Mythril Cuirass,Kestla Haerfrask,55000,1,2023-09-14T01:29:31.000Z,https://universalis.app/market/3149
3160,Woolen Robe,Ra Zetzy,25000,1,2023-09-18T01:58:15.000Z,https://universalis.app/market/3160
3162,Linen Smock,Yashiro Nene,30000,1,2023-09-16T17:20:15.000Z,https://universalis.app/market/3162
3163,Linen Doublet,Nuticus Maximus,18999,1,2023-09-23T04:55:09.000Z,https://universalis.app/market/3163
3164,Vintage Scale Mail,Vex'ahlia Vessar,16900,1,2023-09-16T01:28:33.000Z,https://universalis.app/market/3164
3021,Blackened Scale Mail,Lil Mil,5000,1,2023-09-29T02:23:06.000Z,https://universalis.app/market/3021
3165,Peisteskin Harness,Qingfu Yevven,20000,1,2023-09-13T20:55:07.000Z,https://universalis.app/market/3165
3172,Ranger's Tunic,Morgane Lionheart,20000,1,2023-09-27T23:37:07.000Z,https://universalis.app/market/3172
3174,Mythril Haubergeon,Leeja Rehw-non,8421,1,2023-09-18T11:13:00.000Z,https://universalis.app/market/3174
3176,Woolen Gown,Oberon Yllavaris,40000,1,2023-09-18T09:21:33.000Z,https://universalis.app/market/3176
3177,Boarskin Jerkin,Minight Yamato,20000,1,2023-09-17T21:22:11.000Z,https://universalis.app/market/3177
3178,Woolen Bliaud,Kaneko Maneko,8799,1,2023-09-29T04:59:36.000Z,https://universalis.app/market/3178
3180,High Mythril Armor,Luna Verglas,49775,1,2023-09-30T17:04:10.000Z,https://universalis.app/market/3180
3182,Vintage Seneschal Coatee,Phoebix Alator,250000,1,2023-09-15T00:52:06.000Z,https://universalis.app/market/3182
3098,Moth-eaten Seneschal Coatee,Kurai Fluffytail,78949,1,2023-09-28T18:22:12.000Z,https://universalis.app/market/3098
3183,Tortoiseshell Scale Mail,Vuln Collector,25000,1,2023-10-08T06:08:01.000Z,https://universalis.app/market/3183
3185,Felt Robe,Akari Sara,20000,1,2023-10-06T02:16:05.000Z,https://universalis.app/market/3185
3187,Woolen Smock,Taint Lapis,49000,1,2023-09-17T17:50:02.000Z,https://universalis.app/market/3187
3188,Woolen Doublet,Kaeya Arulaq,9000,1,2023-09-28T05:58:21.000Z,https://universalis.app/market/3188
3191,Raptorskin Harness,Bubbles Nightshade,18000,1,2023-09-24T14:31:17.000Z,https://universalis.app/market/3191
3193,Woolen Cowl,Luckie Puppy,8900,1,2023-09-16T02:05:27.000Z,https://universalis.app/market/3193
3201,Rainmaker's Tunic,Lux Suri,42800,1,2023-09-22T08:15:59.000Z,https://universalis.app/market/3201
3203,Cobalt Haubergeon,Liara Sandoval,50000,1,2023-10-10T11:12:24.000Z,https://universalis.app/market/3203
3206,Raptorskin Jerkin,Mina Heartstone,49999,1,2023-10-09T20:33:36.000Z,https://universalis.app/market/3206
3208,Vintage Robe,Linqatai Sahlkatyin,55109,1,2023-09-24T05:09:03.000Z,https://universalis.app/market/3208
3209,Cobalt Cuirass,Killien O'malley,12000,1,2023-10-07T19:49:19.000Z,https://universalis.app/market/3209
3211,Felt Bliaud,Brianna Dunwall,39999,1,2023-09-23T21:14:07.000Z,https://universalis.app/market/3211
3213,Raptorskin Jacket,Liz Mao,22000,1,2023-09-22T01:42:42.000Z,https://universalis.app/market/3213
3215,Patrician's Coatee,Cowboy Tanaka,39998,1,2023-09-13T14:00:17.000Z,https://universalis.app/market/3215
3229,Carpenter's Gown,Yui Kurokawa,47500,1,2023-09-30T15:13:00.000Z,https://universalis.app/market/3229
3230,Blacksmith's Apron,Tsuki Suisei,35000,1,2023-10-05T12:54:49.000Z,https://universalis.app/market/3230
3231,Armorer's Gown,Dietrich Ostendorff,23000,1,2023-09-17T20:51:46.000Z,https://universalis.app/market/3231
3232,Goldsmith's Doublet,Rivet Nekomata,14900,1,2023-09-27T03:58:31.000Z,https://universalis.app/market/3232
3234,Weaver's Swallowtail,Drunk Fox,52970,1,2023-10-10T23:12:42.000Z,https://universalis.app/market/3234
3235,Alchemist's Coat,Mina Feet,76000,1,2023-09-22T15:07:18.000Z,https://universalis.app/market/3235
3236,Culinarian's Apron,Petra Sagolaris,71000,1,2023-09-13T02:35:17.000Z,https://universalis.app/market/3236
3237,Miner's Shirt,Surreal M'ocean,51898,1,2023-09-20T11:56:58.000Z,https://universalis.app/market/3237
3238,Botanist's Doublet,Valhalla Xernas,70000,1,2023-09-18T16:45:20.000Z,https://universalis.app/market/3238
3239,Fisher's Shirt,Aliya Santos,70000,1,2023-09-18T06:02:50.000Z,https://universalis.app/market/3239
3240,Militia Robe,Solus Veilrend,6400,1,2023-09-25T11:33:00.000Z,https://universalis.app/market/3240
3241,Militia Cuirass,Cherry Petals,8490,1,2023-10-05T18:14:41.000Z,https://universalis.app/market/3241
3242,Militia Harness,Nueu Mei,25000,1,2023-09-28T12:05:07.000Z,https://universalis.app/market/3242
3243,Mosshorn Scale Mail,Dwarlin Dwar,5500,1,2023-09-14T03:42:46.000Z,https://universalis.app/market/3243
5437,Mossy Horn,Lucythebates Sr,700,2,2023-09-26T16:40:11.000Z,https://universalis.app/market/5437
3244,Dodore Doublet,Arthrilhed Langdale,51000,1,2023-09-15T01:04:13.000Z,https://universalis.app/market/3244
5286,Dodore Leather,Elodie Delaunay,3499,1,2023-09-19T02:21:40.000Z,https://universalis.app/market/5286
3249,Imperial Operative Dalmatica,Mel Milli,1949,1,2023-09-29T19:29:50.000Z,https://universalis.app/market/3249
3256,Heavy Darksteel Armor,Vex'ahlia Vessar,9999,1,2023-09-21T23:04:07.000Z,https://universalis.app/market/3256
5585,Darksteel Breastplate,Cinnamon Sugar,2000,1,2023-09-22T13:58:43.000Z,https://universalis.app/market/5585
3257,Darksteel Haubergeon,James Estelle,3989,1,2023-10-01T19:51:52.000Z,https://universalis.app/market/3257
5105,Garlean Steel Plate,Sykel Ginye,267,1,2023-09-20T16:43:34.000Z,https://universalis.app/market/5105
3258,Gryphonskin Jerkin,Mika Moonlight,7997,1,2023-09-13T23:31:09.000Z,https://universalis.app/market/3258
5290,Coeurl Fur,Raine Roselia,150,2,2023-09-23T00:02:35.000Z,https://universalis.app/market/5290
5581,Gryphonskin Shoulder Guards,Didrianna Winterset,2024,2,2023-09-26T03:09:01.000Z,https://universalis.app/market/5581
3259,Gryphonskin Tunic,Mika Moonlight,9000,1,2023-09-13T22:33:08.000Z,https://universalis.app/market/3259
5104,Garlean Steel Joint,Grimsveldr Dvraesgard,1900,1,2023-09-20T01:03:26.000Z,https://universalis.app/market/5104
3260,Vanya Robe of Casting,Mika Moonlight,6000,1,2023-09-13T23:53:13.000Z,https://universalis.app/market/3260
5578,Vanya Silk Robe Lining,Yunga Shannara,3000,1,2023-09-22T07:27:05.000Z,https://universalis.app/market/5578
3261,Vanya Robe of Healing,Mika Moonlight,10000,1,2023-09-14T00:23:05.000Z,https://universalis.app/market/3261
3274,Hempen Breeches,Ichiru Kaien,10000000,1,2023-10-01T19:50:27.000Z,https://universalis.app/market/3274
3275,Hempen Breeches of Crafting,Aoi Futaba,1000,1,2023-10-01T14:55:13.000Z,https://universalis.app/market/3275
3276,Hempen Shepherd's Slops,Lorilae Vess,2000,1,2023-09-14T05:52:22.000Z,https://universalis.app/market/3276
3307,Hempen Underpants,Mephisto Baelfire,29666,1,2023-10-01T17:10:52.000Z,https://universalis.app/market/3307
3308,Hempen Pantalettes,Vylette Valentine,125000000,1,2023-10-04T22:45:13.000Z,https://universalis.app/market/3308
3309,Hempen Chausses,Irie Yagami,4000,1,2023-09-17T10:02:06.000Z,https://universalis.app/market/3309
3310,Leather Culottes,Silas Othemaas,5000,1,2023-09-15T19:27:32.000Z,https://universalis.app/market/3310
3311,Hempen Sarouel,Kona Kuzakari,1300,1,2023-09-24T17:22:36.000Z,https://universalis.app/market/3311
3312,Hempen Tights,Venger Spinebreaker,1000000,1,2023-10-06T03:45:53.000Z,https://universalis.app/market/3312
3313,Hempen Kecks,Jenni Code,20006,1,2023-10-01T18:18:17.000Z,https://universalis.app/market/3313
3314,Hempen Gaskins,Locus Zathor,8000,1,2023-09-30T04:57:27.000Z,https://universalis.app/market/3314
3315,Amateur's Slops,Tiera Mae,101000,1,2023-09-14T03:39:57.000Z,https://universalis.app/market/3315
3316,Amateur's Breeches,Fus Roduh,19991,1,2023-09-23T22:35:00.000Z,https://universalis.app/market/3316
3317,Hempen Bottoms,Kaylanii Moon,5007,1,2023-09-24T18:23:03.000Z,https://universalis.app/market/3317
3318,Hempen Trousers,Illidari Nightfall,19000,1,2023-09-16T00:09:18.000Z,https://universalis.app/market/3318
3319,Hard Leather Subligar,Vylette Valentine,6800000,1,2023-10-09T20:55:20.000Z,https://universalis.app/market/3319
3320,Striped Cotton Slops,Palom Ornitier,750,1,2023-09-18T01:14:12.000Z,https://universalis.app/market/3320
3321,Cotton Sarouel,Mr Bendover,1500,1,2023-09-20T01:05:48.000Z,https://universalis.app/market/3321
3322,Cotton Shepherd's Slops,Xzar Lanyari,10600,1,2023-10-04T05:49:05.000Z,https://universalis.app/market/3322
3324,Cotton Chausses,Ouka Ootori,5011,1,2023-09-23T23:39:32.000Z,https://universalis.app/market/3324
