id,name,buyerName,pricePerUnit,quantity,timestamp,universalisUrl
1602,Bronze Bastard Sword,Aria Lufkin,10004,1,2024-03-07T13:24:31.000Z,https://universalis.app/market/1602
2,Fire Shard,Bella Cullen,101,500,2024-03-11T04:34:52.000Z,https://universalis.app/market/2
5,Earth Shard,Georgie Boy,60,2000,2024-03-11T17:37:50.000Z,https://universalis.app/market/5
5056,Bronze Ingot,Misha Dhol,2000,25,2024-02-18T21:35:43.000Z,https://universalis.app/market/5056
5361,Maple Lumber,Drakey Dragon,502,1,2024-02-22T18:35:02.000Z,https://universalis.app/market/5361
5432,Bone Chip,Luka Alandris,1000000,1,2024-02-27T08:25:14.000Z,https://universalis.app/market/5432
1603,Viking Sword,Situational Confusion,20000,1,2024-03-10T21:32:03.000Z,https://universalis.app/market/1603
5275,Leather,Myi' Ke,350,3,2024-02-24T00:29:40.000Z,https://universalis.app/market/5275
1604,Ash Macuahuitl,Ragnorax Faithbringer,40000000,1,2024-03-01T18:01:55.000Z,https://universalis.app/market/1604
3,Ice Shard,Bsko Whitefang,300,50,2024-02-27T10:01:50.000Z,https://universalis.app/market/3
4,Wind Shard,Beansy Breezy,100,86,2024-03-01T21:55:14.000Z,https://universalis.app/market/4
5124,Obsidian,Kittyto Fluffernutter,100,8,2024-03-10T03:40:47.000Z,https://universalis.app/market/5124
5364,Ash Lumber,Lavender Rose,1200,1,2024-02-18T16:33:54.000Z,https://universalis.app/market/5364
1605,Bronze Spatha,Texas Rose,5000,1,2024-02-26T19:41:21.000Z,https://universalis.app/market/1605
5276,Hard Leather,Oliphae Stormwind,2000,2,2024-03-01T00:51:21.000Z,https://universalis.app/market/5276
5434,Ram Horn,Omni Terasu,60,1,2024-03-06T15:42:34.000Z,https://universalis.app/market/5434
1607,Brass Bastard Sword,Shelltor De'rose,8000,1,2024-02-21T00:08:57.000Z,https://universalis.app/market/1607
5063,Brass Ingot,Misha Dhol,2000,5,2024-02-18T21:35:26.000Z,https://universalis.app/market/5063
1609,Brass Viking Sword,Catnip Lacroix,25000,1,2024-03-03T02:36:11.000Z,https://universalis.app/market/1609
5277,Aldgoat Leather,Velnir Paharo,6000,10,2024-03-03T04:41:43.000Z,https://universalis.app/market/5277
1611,Carnage Sword,Pat Fenis,2100,1,2024-03-01T19:49:30.000Z,https://universalis.app/market/1611
1614,Iron Shortsword,Telix Prodrolus,1016,1,2024-02-20T01:24:37.000Z,https://universalis.app/market/1614
5057,Iron Ingot,Oscarlet Oirellain,1400,3,2024-02-26T19:58:51.000Z,https://universalis.app/market/5057
5367,Elm Lumber,Myi' Ke,2000,1,2024-02-20T03:06:24.000Z,https://universalis.app/market/5367
1622,Iron Spatha,Soft Paws,4000,1,2024-02-27T05:39:51.000Z,https://universalis.app/market/1622
5435,Antelope Horn,Broodahl Sykursyn,100000,1,2024-03-13T23:10:08.000Z,https://universalis.app/market/5435
1625,Steel Broadsword,Scaurus Aemelius,20000,1,2024-03-05T03:45:01.000Z,https://universalis.app/market/1625
5058,Steel Ingot,Luna Kadashi,4000,36,2024-03-02T05:09:33.000Z,https://universalis.app/market/5058
5371,Walnut Lumber,Rae Ginrati,3000,1,2024-03-12T06:44:02.000Z,https://universalis.app/market/5371
5444,Wolf Fang,Situational Confusion,1000,6,2024-03-11T16:38:38.000Z,https://universalis.app/market/5444
1627,Elm Macuahuitl,Galvin Blue,8000,1,2024-02-27T00:31:58.000Z,https://universalis.app/market/1627
1633,Steel Falchion,Catnip Lacroix,10000,1,2024-03-04T21:27:54.000Z,https://universalis.app/market/1633
5260,Siltstone Whetstone,Lux Sol,4998,1,2024-03-14T06:51:05.000Z,https://universalis.app/market/5260
1635,Vintage Bastard Sword,Ice Crystal,21000,1,2024-02-22T14:30:24.000Z,https://universalis.app/market/1635
8,Fire Crystal,Lusa'ya Lafele,80,600,2024-03-03T23:21:31.000Z,https://universalis.app/market/8
1606,Blunt Bastard Sword,Megumin Megumi,5555,1,2024-02-25T07:20:54.000Z,https://universalis.app/market/1606
5259,Mudstone Whetstone,Slayer Kirk,2000,17,2024-02-17T11:13:32.000Z,https://universalis.app/market/5259
5125,Wyvern Obsidian,Aedric Smithy,1999,10,2024-02-18T14:25:59.000Z,https://universalis.app/market/5125
1639,Steel Longsword,Imma'b Deleveled,10000,1,2024-02-23T22:23:23.000Z,https://universalis.app/market/1639
5504,Fish Glue,Ky Le,1500,2,2024-03-13T15:59:04.000Z,https://universalis.app/market/5504
1642,Goblin Scimitar,Xavier Nioh,10000,1,2024-03-09T23:35:45.000Z,https://universalis.app/market/1642
1613,Blunt Goblin Scimitar,Bowser Bowser,543,1,2024-03-09T21:15:02.000Z,https://universalis.app/market/1613
1643,Mythril Broadsword,Nemo Waldo,25000,1,2024-02-26T23:24:00.000Z,https://universalis.app/market/1643
5065,Mythril Ingot,Map Lock,5000,5,2024-02-24T11:45:37.000Z,https://universalis.app/market/5065
5373,Oak Lumber,Dino Punch-kick,4000,10,2024-02-24T00:00:41.000Z,https://universalis.app/market/5373
1648,Vintage Viking Sword,Free Boulder,50000,1,2024-03-13T09:47:49.000Z,https://universalis.app/market/1648
11,Earth Crystal,Jace Whitemourne,175,55,2024-03-13T22:03:41.000Z,https://universalis.app/market/11
1616,Nicked Viking Sword,Map Lock,19999,1,2024-02-24T23:54:29.000Z,https://universalis.app/market/1616
1649,Goblin Longsword,Nurse Lilac,18074,1,2024-02-27T06:09:26.000Z,https://universalis.app/market/1649
1621,Blunt Goblin Longsword,Gwell Moko,4000,1,2024-03-06T20:18:26.000Z,https://universalis.app/market/1621
5262,Basilisk Whetstone,Pani Cirha,1400,6,2024-02-26T15:14:24.000Z,https://universalis.app/market/5262
1650,Plumed Oak Macuahuitl,Soft Paws,29999,1,2024-03-12T04:25:08.000Z,https://universalis.app/market/1650
5360,Wildfowl Feather,Cinnamon Apple,1000,1,2024-03-01T19:29:18.000Z,https://universalis.app/market/5360
5059,Cobalt Ingot,Popopoki Cocopoki,10003,3,2024-03-04T08:06:34.000Z,https://universalis.app/market/5059
5066,Electrum Ingot,Kidar Arda,10002,4,2024-03-01T11:09:58.000Z,https://universalis.app/market/5066
5282,Boar Leather,Nakano Akamori,5500,1,2024-03-06T18:38:12.000Z,https://universalis.app/market/5282
1659,Cobalt Shamshir,Ramiel Forrest,65000000,1,2024-02-20T16:47:41.000Z,https://universalis.app/market/1659
5436,Aldgoat Horn,Sa'ab Draken,250000,1,2024-03-10T10:00:47.000Z,https://universalis.app/market/5436
1663,Cobalt Winglet,Natasha Yaroslav,55555,1,2024-03-01T22:15:10.000Z,https://universalis.app/market/1663
5374,Mahogany Lumber,Hayden Targaryen,3500,1,2024-02-21T06:21:08.000Z,https://universalis.app/market/5374
5465,Sunrise Tellin,Lavinia Atropos,750,2,2024-02-25T01:08:07.000Z,https://universalis.app/market/5465
5505,Horn Glue,L'unar Amariyo,4900,1,2024-03-01T05:36:36.000Z,https://universalis.app/market/5505
1666,Giantsgall Longsword,Miran Savae,7900,1,2024-03-12T12:45:23.000Z,https://universalis.app/market/1666
18,Lightning Cluster,Ateta Stromlance,450,600,2024-02-28T22:52:41.000Z,https://universalis.app/market/18
19,Water Cluster,Vulle Rehw,2000,5,2024-03-13T15:21:30.000Z,https://universalis.app/market/19
7620,Diluted Vitriol,Amaranth Moonweaver,1200,5,2024-02-22T05:40:25.000Z,https://universalis.app/market/7620
1670,Aeolian Scimitar,Ixkur Babooey,99800,1,2024-02-20T06:07:06.000Z,https://universalis.app/market/1670
1636,Blunt Aeolian Scimitar,Guan Hollow,2000,1,2024-02-25T18:59:05.000Z,https://universalis.app/market/1636
5061,Darksteel Nugget,Roomie Tealeaf,20003,1,2024-03-15T13:28:38.000Z,https://universalis.app/market/5061
1673,Mailbreaker,Luluna Bjornsdotter,5285,1,2024-02-20T21:50:26.000Z,https://universalis.app/market/1673
14,Fire Cluster,Cole Roack,350,500,2024-02-18T12:25:23.000Z,https://universalis.app/market/14
17,Earth Cluster,Little Strykr,150,500,2024-02-27T04:17:45.000Z,https://universalis.app/market/17
5068,Rose Gold Nugget,Winter Vermillion,4000,1,2024-03-02T16:01:46.000Z,https://universalis.app/market/5068
5288,Hippogryph Leather,Adia Amaya,8000,2,2024-02-20T13:12:12.000Z,https://universalis.app/market/5288
5570,Mailbreaker Blade,Tuan Nguyen,2350,1,2024-03-05T22:34:23.000Z,https://universalis.app/market/5570
1681,Bone Hora,Valgrim Nightbane,20000,1,2024-03-02T21:08:08.000Z,https://universalis.app/market/1681
5318,Animal Sinew,Shelby Gt,500,5,2024-02-20T04:56:26.000Z,https://universalis.app/market/5318
1682,Leather Himantes,Tehvalis Lavigne,7995,1,2024-03-01T03:13:48.000Z,https://universalis.app/market/1682
5324,Undyed Hempen Cloth,Syrenead Huin,499,99,2024-03-06T10:05:55.000Z,https://universalis.app/market/5324
1683,Ramhorn Claws,Tikkris Nomstark,3000,1,2024-02-17T22:31:11.000Z,https://universalis.app/market/1683
1684,Bronze Knuckles,Hydira Veltryx,500,1,2024-02-25T01:09:35.000Z,https://universalis.app/market/1684
1685,Hard Leather Himantes,Shino Asada,250,1,2024-02-27T14:34:51.000Z,https://universalis.app/market/1685
1686,Brass Knuckles,Catnip Lacroix,5000,1,2024-02-25T05:25:47.000Z,https://universalis.app/market/1686
1688,Goatskin Cesti,Spllyn Iam,10000,1,2024-03-07T03:12:06.000Z,https://universalis.app/market/1688
5319,Beast Sinew,Ne Na,1225,3,2024-02-20T17:53:09.000Z,https://universalis.app/market/5319
1694,Spiked Knuckles,Astray Eclipse,25000,1,2024-02-23T19:17:31.000Z,https://universalis.app/market/1694
5072,Iron Plate,S'kiya Yoru,3000,2,2024-03-12T18:26:46.000Z,https://universalis.app/market/5072
1697,Toadskin Cesti,Delru Gerrik,20900,1,2024-02-18T20:53:31.000Z,https://universalis.app/market/1697
5280,Toad Leather,Lunar Crescent,4500,1,2024-03-07T08:56:28.000Z,https://universalis.app/market/5280
5320,Diremite Sinew,Rose Evelyn,10000,2,2024-03-11T06:49:35.000Z,https://universalis.app/market/5320
1699,Steel Claws,Devils Kuzunoha,12000,1,2024-03-09T07:56:35.000Z,https://universalis.app/market/1699
5073,Steel Plate,Tio Tot,1200,2,2024-02-24T23:56:53.000Z,https://universalis.app/market/5073
1706,Crabshell Hora,Saige Ayers,10000,1,2024-03-07T08:21:08.000Z,https://universalis.app/market/1706
5321,Hippogryph Sinew,Yoko Taro,1000,6,2024-02-27T03:53:30.000Z,https://universalis.app/market/5321
5456,Green Megalocrab Shell,Myztic Quest,2000,1,2024-02-19T13:50:52.000Z,https://universalis.app/market/5456
1708,Boarskin Himantes,Sayla Hawkwind,50000,1,2024-03-15T06:31:09.000Z,https://universalis.app/market/1708
1711,Mythril Claws,Astray Eclipse,22000,1,2024-03-03T22:14:05.000Z,https://universalis.app/market/1711
5079,Mythril Plate,Mix Wovenheart,3002,2,2024-03-02T02:35:41.000Z,https://universalis.app/market/5079
1716,Tortoiseshell Hora,Kairo Orben,12001,1,2024-03-06T02:31:36.000Z,https://universalis.app/market/1716
5322,Raptor Sinew,Reede Djt-dvre,1500,99,2024-02-25T07:56:09.000Z,https://universalis.app/market/5322
5458,Adamantoise Shell,Eva Eggyolk,975,10,2024-02-18T05:55:35.000Z,https://universalis.app/market/5458
1723,Cobalt Knuckles,Popopoki Cocopoki,55555,1,2024-03-04T08:36:32.000Z,https://universalis.app/market/1723
1728,Peisteskin Cesti,Abeline Cocoa,20000,1,2024-02-27T07:22:31.000Z,https://universalis.app/market/1728
5284,Peiste Leather,Reis Leone,990,3,2024-02-27T06:41:44.000Z,https://universalis.app/market/5284
1732,Vintage Hora,Aurora Fae,12001,1,2024-03-06T16:52:02.000Z,https://universalis.app/market/1732
1701,Chipped Hora,Tezca Coatl,1199,1,2024-03-05T23:56:46.000Z,https://universalis.app/market/1701
5285,Raptor Leather,S'kiya Yoru,1500,10,2024-03-12T12:58:16.000Z,https://universalis.app/market/5285
1733,Cobalt Claws,Sigurd Snow-hair,38000,1,2024-02-23T14:58:28.000Z,https://universalis.app/market/1733
5074,Cobalt Plate,Depressed Kitty,4000,1,2024-03-04T07:57:09.000Z,https://universalis.app/market/5074
1736,Giantsgall Claws,Drakey Dragon,8164,1,2024-02-29T02:27:02.000Z,https://universalis.app/market/1736
1740,Wildling's Cesti,Kael Eirohn,20128,1,2024-03-01T04:46:41.000Z,https://universalis.app/market/1740
10,Wind Crystal,Erilith Gorgana,301,389,2024-02-25T13:22:42.000Z,https://universalis.app/market/10
5567,Bloody Cesti Covers,Didrianna Winterset,1000,1,2024-02-22T00:06:55.000Z,https://universalis.app/market/5567
1743,Avengers,Solani Vale,2465,1,2024-03-03T23:23:34.000Z,https://universalis.app/market/1743
5378,Spruce Lumber,Jim Peters,5000,1,2024-02-24T00:51:11.000Z,https://universalis.app/market/5378
5571,Avenger Grips,Gwell Moko,2323,1,2024-03-06T20:20:08.000Z,https://universalis.app/market/5571
1750,Bronze War Axe,Grimm Mythos,210,1,2024-03-03T10:19:32.000Z,https://universalis.app/market/1750
1751,Bronze Labrys,Willow Rivers,1500,1,2024-03-02T23:07:13.000Z,https://universalis.app/market/1751
1752,Cloud Axe,Lead Artist,2000,1,2024-02-20T00:43:19.000Z,https://universalis.app/market/1752
1753,Spiked Bronze Labrys,Penelope Rosencrantz,15000,1,2024-02-26T22:26:06.000Z,https://universalis.app/market/1753
1754,Iron War Axe,Soft Paws,3000,1,2024-02-19T08:08:28.000Z,https://universalis.app/market/1754
1756,Iron Labrys,Mel Skyppes,7816,1,2024-02-19T17:12:36.000Z,https://universalis.app/market/1756
1758,Inferno Axe,Catherine Stanley,700000,1,2024-02-27T06:10:06.000Z,https://universalis.app/market/1758
1764,Iron Bill,Steevon Dejiki,15000,1,2024-02-25T02:25:32.000Z,https://universalis.app/market/1764
4856,Clove Oil,Alaric Lightstorm,350,1,2024-03-01T00:38:48.000Z,https://universalis.app/market/4856
5368,Yew Lumber,Ky Le,500,1,2024-03-13T16:08:19.000Z,https://universalis.app/market/5368
1766,Thunderstorm Axe,Melrit Brave,3000,1,2024-02-22T17:11:03.000Z,https://universalis.app/market/1766
5064,Silver Ingot,Frejr Earhart,4000,1,2024-02-18T01:54:52.000Z,https://universalis.app/market/5064
1769,Spiked Steel Labrys,Isilgeim Zirnundwyn,150000,1,2024-02-29T07:21:54.000Z,https://universalis.app/market/1769
1776,Steel Bardiche,Raf Al,14250,1,2024-02-17T17:43:47.000Z,https://universalis.app/market/1776
5405,Yew Branch,Vulle Rehw,900,13,2024-03-12T16:18:48.000Z,https://universalis.app/market/5405
1778,Steel Bhuj,Eve Stormwind,45000,1,2024-03-08T23:26:43.000Z,https://universalis.app/market/1778
1781,Spiked Mythril Labrys,Kastor Lastrad,34100,1,2024-02-19T16:17:50.000Z,https://universalis.app/market/1781
1786,Mythril Bhuj,Alrek Brandt,10001,1,2024-02-23T21:37:37.000Z,https://universalis.app/market/1786
1796,Buccaneer's Bardiche,Ophelie Primerain,55555,1,2024-03-02T22:23:05.000Z,https://universalis.app/market/1796
5414,Rosewood Branch,Fjohen Askirada,1000,1,2024-03-10T23:25:19.000Z,https://universalis.app/market/5414
1800,Vintage Bill,La Potato,30118,1,2024-02-22T13:24:52.000Z,https://universalis.app/market/1800
1771,Notched Bill,Finia Xavalien,6300,1,2024-02-28T00:12:59.000Z,https://universalis.app/market/1771
1801,Demilune Bhuj,Phoenix Keahi,7500,1,2024-03-06T22:58:00.000Z,https://universalis.app/market/1801
5196,Jadeite,Kiyah Lancaster,1500,74,2024-03-12T03:52:52.000Z,https://universalis.app/market/5196
1803,Spiked Cobalt Labrys,Niviko Elusive,49000,1,2024-03-01T19:10:49.000Z,https://universalis.app/market/1803
5376,Rosewood Lumber,Michael Cousland,8999,1,2024-03-12T05:27:31.000Z,https://universalis.app/market/5376
1806,Giantsgall War Axe,Kiet Djt-marouc,10000,1,2024-02-19T01:17:11.000Z,https://universalis.app/market/1806
1810,Barbarian's Bardiche,Tsunayoshi Isfish,99900,1,2024-02-18T23:09:01.000Z,https://universalis.app/market/1810
5566,Bloody Bardiche Head,Eley Lalafeley,2449,1,2024-02-21T02:31:10.000Z,https://universalis.app/market/5566
1813,Rampager,Hezzhanth Domar,9494,1,2024-02-19T18:03:22.000Z,https://universalis.app/market/1813
5075,Darksteel Plate,Irie Yagami,5001,1,2024-03-14T09:03:48.000Z,https://universalis.app/market/5075
5572,Rampager Head,Gwell Moko,3000,1,2024-03-06T20:19:52.000Z,https://universalis.app/market/5572
1820,Bone Harpoon,Ophilia West,2000,1,2024-02-23T13:09:32.000Z,https://universalis.app/market/1820
5503,Animal Glue,Ginneagan M'rka,100,1,2024-03-12T08:07:37.000Z,https://universalis.app/market/5503
1821,Bronze Spear,Kohaku Kurohana,2000,1,2024-03-06T09:21:43.000Z,https://universalis.app/market/1821
5482,Fish Oil,Shar Leeze,1110,1,2024-03-03T22:42:57.000Z,https://universalis.app/market/5482
1822,Ramhorn Harpoon,Yuki Oda,3000,1,2024-03-07T04:53:00.000Z,https://universalis.app/market/1822
1823,Feathered Harpoon,Spllyn Iam,4001,1,2024-03-04T20:32:23.000Z,https://universalis.app/market/1823
5352,Crow Feather,Wandering Axe,400,1,2024-03-06T06:38:21.000Z,https://universalis.app/market/5352
5433,Soiled Femur,Nai Kiba,60,20,2024-03-13T05:00:36.000Z,https://universalis.app/market/5433
1824,Brass Spear,V'hain Nunh,2500,1,2024-02-22T15:12:30.000Z,https://universalis.app/market/1824
1825,Iron Spear,Chii Chii,3000,1,2024-03-09T21:20:24.000Z,https://universalis.app/market/1825
1827,Iron Lance,Vernaud Nox,17147,1,2024-03-13T03:33:15.000Z,https://universalis.app/market/1827
1833,Iron Guisarme,Miana Himeko,19000,1,2024-02-26T16:17:07.000Z,https://universalis.app/market/1833
1836,Silver Battle Fork,Smug Tsumugi,2525,1,2024-02-21T05:10:36.000Z,https://universalis.app/market/1836
5484,Crab Oil,Lux Sol,5000,1,2024-03-09T07:33:22.000Z,https://universalis.app/market/5484
1838,Steel Halberd,Cerwyn Cassidy,9000,1,2024-02-26T03:05:06.000Z,https://universalis.app/market/1838
1845,Steel Spear,Galanr Lance,999999,1,2024-03-04T20:20:28.000Z,https://universalis.app/market/1845
1847,Heavy Steel Lance,Tezca Coatl,22050,1,2024-03-02T09:00:08.000Z,https://universalis.app/market/1847
1850,Yarzonshell Harpoon,Astray Eclipse,60000,1,2024-03-01T20:05:07.000Z,https://universalis.app/market/1850
5454,Yellow Yarzon Leg,Kayuza Yayreza,1200,1,2024-03-04T00:19:55.000Z,https://universalis.app/market/5454
1855,Mythril Lance,Jessinia Saneko,29900,1,2024-03-04T03:18:12.000Z,https://universalis.app/market/1855
1862,Cobalt Halberd,Alarice Chaunollet,55554,1,2024-03-11T23:54:06.000Z,https://universalis.app/market/1862
1867,Cobalt Trident,Dima Sen'th,20000,1,2024-03-02T10:04:56.000Z,https://universalis.app/market/1867
5486,Shark Oil,Kalim Kestrael,3999,8,2024-02-18T23:43:00.000Z,https://universalis.app/market/5486
1871,Vintage Guisarme,Dart Stavros,7000,1,2024-02-17T17:07:46.000Z,https://universalis.app/market/1871
9,Ice Crystal,Isolla D'suno,200,100,2024-03-03T20:35:28.000Z,https://universalis.app/market/9
1840,Crooked Guisarme,Dark Serephim,3000,1,2024-02-18T18:36:19.000Z,https://universalis.app/market/1840
1872,Hart Guisarme,Syrenead Huin,50000,1,2024-03-07T17:52:47.000Z,https://universalis.app/market/1872
1875,Giantsgall Trident,Sadie Mistwalker,8800,1,2024-03-01T22:22:47.000Z,https://universalis.app/market/1875
1879,Champion's Lance,Rivia Clearwater,89800,1,2024-02-26T02:31:36.000Z,https://universalis.app/market/1879
5565,Bloody Lance Head,Kayuza Yayreza,13998,1,2024-03-05T02:38:38.000Z,https://universalis.app/market/5565
1882,Obelisk,Sadie Mistwalker,7999,1,2024-03-01T22:23:02.000Z,https://universalis.app/market/1882
5573,Obelisk Head,Petit Fours,3000,1,2024-03-05T16:18:06.000Z,https://universalis.app/market/5573
1891,Maple Shortbow,Asuna Mikate,2500,1,2024-02-18T01:27:27.000Z,https://universalis.app/market/1891
5333,Hempen Yarn,Aladaya Kha,388,1,2024-02-23T17:36:30.000Z,https://universalis.app/market/5333
1892,Maple Longbow,Kohaku Kurohana,1000,1,2024-03-07T22:14:58.000Z,https://universalis.app/market/1892
5396,Maple Branch,Saige Ayers,250,20,2024-03-04T21:00:04.000Z,https://universalis.app/market/5396
1893,Plumed Maple Shortbow,Luneth Midare,400,1,2024-03-06T07:37:18.000Z,https://universalis.app/market/1893
5351,Cock Feather,Tabius Korinthos,400,1,2024-02-28T16:14:46.000Z,https://universalis.app/market/5351
1894,Wrapped Maple Longbow,Pat Fenis,340,1,2024-02-28T08:34:50.000Z,https://universalis.app/market/1894
5402,Ash Branch,Seliana Roda,1000,1,2024-03-04T17:49:31.000Z,https://universalis.app/market/5402
1895,Ash Shortbow,Tsuzukiro Monokuro,11000,1,2024-03-03T19:21:32.000Z,https://universalis.app/market/1895
1897,Elm Longbow,Athena Scar,5998,1,2024-03-03T19:58:34.000Z,https://universalis.app/market/1897
5334,Cotton Yarn,Tio Tot,4998,1,2024-03-01T21:29:53.000Z,https://universalis.app/market/5334
1899,Elm Velocity Bow,Gabriel D'dragon,8021,1,2024-02-29T02:34:03.000Z,https://universalis.app/market/1899
1905,Wrapped Elm Longbow,Teenie Moon,5000,1,2024-02-18T18:34:19.000Z,https://universalis.app/market/1905
1908,Ash Composite Bow,Star Cakes,25000,1,2024-03-09T16:05:51.000Z,https://universalis.app/market/1908
1915,Ash Cavalry Bow,Star Cakes,40000,1,2024-03-09T16:06:05.000Z,https://universalis.app/market/1915
5409,Oak Branch,Dino Punch-kick,400,8,2024-02-24T15:45:20.000Z,https://universalis.app/market/5409
1917,Oak Longbow,Koorime Yuki,55554,1,2024-03-12T21:36:38.000Z,https://universalis.app/market/1917
5336,Linen Yarn,Dino Punch-kick,1299,11,2024-02-17T18:42:06.000Z,https://universalis.app/market/5336
1920,Mythril Cavalry Bow,Blitz Creech,60000,1,2024-02-24T20:22:26.000Z,https://universalis.app/market/1920
1925,Oak Composite Bow,Raziiel Tarcain,39999,1,2024-03-15T02:16:03.000Z,https://universalis.app/market/1925
1932,Cobalt Cavalry Bow,Khaja Mol,20092,1,2024-02-24T09:43:51.000Z,https://universalis.app/market/1932
1937,Yew Longbow,Nono Dodo,46103,1,2024-02-17T23:34:59.000Z,https://universalis.app/market/1937
1941,Vintage Bow,Daldira Innholt,4999,1,2024-02-29T01:41:14.000Z,https://universalis.app/market/1941
1942,Crab Bow,Asmodious Soudiomsa,42915,1,2024-02-17T10:14:18.000Z,https://universalis.app/market/1942
5462,Red Coral,Reis Leone,5000,1,2024-02-24T14:07:08.000Z,https://universalis.app/market/5462
1945,Giantsgall Longbow,Lianhua Skyreach,1500,1,2024-02-19T20:12:37.000Z,https://universalis.app/market/1945
1949,Longarm's Composite Bow,Izrea Meath,48400,1,2024-02-18T09:25:26.000Z,https://universalis.app/market/1949
5568,Bloody Bow Rim,Map Lock,4016,1,2024-02-24T21:29:19.000Z,https://universalis.app/market/5568
1953,Sarnga,Mjara Isshu,1375,1,2024-03-01T03:58:29.000Z,https://universalis.app/market/1953
15,Ice Cluster,Snowraven Fairwind,90,500,2024-02-27T18:47:40.000Z,https://universalis.app/market/15
16,Wind Cluster,Junior Jinx,495,100,2024-03-13T16:13:06.000Z,https://universalis.app/market/16
5574,Sarnga Limb,Map Lock,1734,1,2024-02-24T21:29:46.000Z,https://universalis.app/market/5574
1958,Maple Wand,Yuukine Koiyuki,5000,1,2024-02-17T21:27:52.000Z,https://universalis.app/market/1958
6,Lightning Shard,Xillia Hightower,175,55,2024-03-12T23:38:44.000Z,https://universalis.app/market/6
7,Water Shard,Hayden Targaryen,175,55,2024-03-03T08:09:06.000Z,https://universalis.app/market/7
5470,Growth Formula Alpha,Astray Eclipse,3000,1,2024-02-19T22:23:25.000Z,https://universalis.app/market/5470
1959,Whispering Maple Wand,Abraham Von-sewage,9999,1,2024-02-17T06:10:31.000Z,https://universalis.app/market/1959
1960,Budding Maple Wand,Ahlha'ra Fulna,15000,1,2024-03-03T22:42:58.000Z,https://universalis.app/market/1960
5492,Beastkin Blood,Ms Eldari,999,3,2024-02-26T20:48:55.000Z,https://universalis.app/market/5492
1961,Ash Wand,Fiji Miiniji,5000,1,2024-03-15T02:46:45.000Z,https://universalis.app/market/1961
5471,Growth Formula Beta,S'kiya Yoru,5999,1,2024-03-12T17:39:32.000Z,https://universalis.app/market/5471
1963,Budding Ash Wand,Clover Galathynius,10000,1,2024-02-23T17:42:09.000Z,https://universalis.app/market/1963
1965,Whispering Ash Wand,Ime Tachibana,21531,1,2024-03-05T21:17:28.000Z,https://universalis.app/market/1965
5493,Scalekin Blood,Kayuza Yayreza,3000,1,2024-03-04T00:23:03.000Z,https://universalis.app/market/5493
1967,Yew Wand,Georgie Boy,50000,1,2024-03-11T01:46:13.000Z,https://universalis.app/market/1967
1969,Budding Yew Wand,Junkster Tempest,45000,1,2024-02-17T02:51:08.000Z,https://universalis.app/market/1969
1971,Budding Oak Wand,Elowyn Wolf,40050,1,2024-02-20T00:25:23.000Z,https://universalis.app/market/1971
4603,Hi-Potion of Mind,Cloudy Mercer,1000,1,2024-02-28T09:00:47.000Z,https://universalis.app/market/4603
1974,Wand of Frost,Austyn Kiwamitora,55000,1,2024-03-09T07:30:45.000Z,https://universalis.app/market/1974
5199,Eye of Ice,Aillorian Lorn,75,2,2024-03-14T16:40:45.000Z,https://universalis.app/market/5199
5472,Growth Formula Gamma,Conner Macleod,10000,1,2024-03-08T04:27:33.000Z,https://universalis.app/market/5472
1976,Wand of Tremors,Sigurd Snow-hair,45000,1,2024-02-18T14:57:45.000Z,https://universalis.app/market/1976
5201,Eye of Earth,Reede Djt-dvre,3000,2,2024-02-21T04:00:05.000Z,https://universalis.app/market/5201
1978,Wand of Tides,Tulth Mystflame,45000,1,2024-02-17T01:41:49.000Z,https://universalis.app/market/1978
5203,Eye of Water,Ganondorf Demonking,200,2,2024-03-04T18:29:40.000Z,https://universalis.app/market/5203
1981,Wand of Flames,Skrully Matsuyama,9800,1,2024-02-29T02:24:17.000Z,https://universalis.app/market/1981
5198,Eye of Fire,Eogan Bruvvins,4000,1,2024-02-20T18:41:17.000Z,https://universalis.app/market/5198
1983,Wand of Gales,Gum Drop,19900,1,2024-03-02T20:13:18.000Z,https://universalis.app/market/1983
5200,Eye of Wind,Reis Leone,4001,1,2024-02-27T06:42:10.000Z,https://universalis.app/market/5200
1985,Wand of Storms,Argo Kishimoto,5000,1,2024-03-07T15:49:06.000Z,https://universalis.app/market/1985
5202,Eye of Lightning,Ganondorf Demonking,40,2,2024-03-04T18:29:33.000Z,https://universalis.app/market/5202
1987,Budding Rosewood Wand,Deevo Yunshuck,59999,1,2024-02-19T04:39:59.000Z,https://universalis.app/market/1987
4608,Mega-Potion of Mind,Anador Tsunareada,17000,1,2024-02-24T09:40:10.000Z,https://universalis.app/market/4608
5494,Spoken Blood,Myztic Quest,5000,2,2024-02-18T13:45:30.000Z,https://universalis.app/market/5494
1996,Maple Cane,Ophilia West,1000,1,2024-02-26T21:17:02.000Z,https://universalis.app/market/1996
1997,Maple Crook,Tatavachi Yayavachi,3999,1,2024-03-14T02:03:06.000Z,https://universalis.app/market/1997
1998,Ash Radical,Holo Thewisewolfin,3000,1,2024-03-12T13:54:27.000Z,https://universalis.app/market/1998
2000,Elm Cane,Riven Zatoshi,30000,1,2024-02-19T15:48:18.000Z,https://universalis.app/market/2000
2002,Elm Crook,Skyfox Asura,2499,1,2024-02-26T20:15:02.000Z,https://universalis.app/market/2002
2004,Yew Radical,Rin Azzy,50000,1,2024-02-24T20:05:36.000Z,https://universalis.app/market/2004
2010,Pastoral Yew Cane,Sumire Tenshi,10126,1,2024-02-18T07:56:01.000Z,https://universalis.app/market/2010
2011,Yew Crook,Riven Zatoshi,5000,1,2024-02-25T08:42:05.000Z,https://universalis.app/market/2011
2015,Walnut Cane,Shize Hilkos,29000,1,2024-02-19T09:49:21.000Z,https://universalis.app/market/2015
2021,Plumed Yew Crook,Plum Plum,14999,1,2024-03-09T16:59:04.000Z,https://universalis.app/market/2021
2023,Oak Radical,Ariane Musarose,10059,1,2024-02-27T14:43:18.000Z,https://universalis.app/market/2023
2026,Pastoral Oak Cane,Jackie Rin,21000,1,2024-02-19T21:02:56.000Z,https://universalis.app/market/2026
2030,Sprouting Rosewood Radical,Riley Sparks,69990,1,2024-02-17T03:45:55.000Z,https://universalis.app/market/2030
2039,Jade Crook,Jia Chou,36666,1,2024-02-20T08:09:31.000Z,https://universalis.app/market/2039
2041,Vintage Cane,Rimitsu Wintersoul,55555,1,2024-02-26T04:19:35.000Z,https://universalis.app/market/2041
2014,Splintered Cane,Tuan Nguyen,4500,1,2024-02-29T11:55:48.000Z,https://universalis.app/market/2014
2044,Pastoral Mahogany Cane,Rimitsu Wintersoul,14104,1,2024-02-26T20:52:58.000Z,https://universalis.app/market/2044
5335,Dew Thread,Frantic Taco,4500,3,2024-02-19T06:58:55.000Z,https://universalis.app/market/5335
2047,Tane Mahuta,Orla Mhin,48000,1,2024-02-21T05:57:06.000Z,https://universalis.app/market/2047
5555,Ochu Vine,Libertus Ostium,1199,3,2024-02-18T18:09:55.000Z,https://universalis.app/market/5555
2048,Giantsgall Cane,Nasty Plot,9999,1,2024-03-11T07:34:16.000Z,https://universalis.app/market/2048
7585,Mossy Stone Rod,Angela Pureheart,74,1,2024-03-01T21:00:26.000Z,https://universalis.app/market/7585
2049,Madman's Whispering Rod,Death Drive,50000,1,2024-03-09T10:32:30.000Z,https://universalis.app/market/2049
12,Lightning Crystal,Mana Tsugimori,175,55,2024-02-20T05:52:48.000Z,https://universalis.app/market/12
13,Water Crystal,Riku Hayashi,175,55,2024-03-02T01:58:46.000Z,https://universalis.app/market/13
5473,Growth Formula Delta,Andrewh Oimeh,3400,2,2024-03-13T17:10:20.000Z,https://universalis.app/market/5473
5537,Thavnairian Mistletoe,Dorj Dotharl,296,21,2024-03-03T09:44:57.000Z,https://universalis.app/market/5537
5547,Vampire Plant,Dorj Dotharl,300,48,2024-02-17T02:50:08.000Z,https://universalis.app/market/5547
2051,Alkalurops,Kagura Dekomori,15552,1,2024-03-10T19:49:36.000Z,https://universalis.app/market/2051
5575,Suspended Trillium Flower,Didrianna Winterset,998,2,2024-02-22T00:07:42.000Z,https://universalis.app/market/5575
2056,Bone Brand,Chiull Malqir,17800,1,2024-02-20T02:21:24.000Z,https://universalis.app/market/2056
5197,Marbled Eye,Dyan Zzarzy,500,3,2024-02-19T11:43:08.000Z,https://universalis.app/market/5197
2057,Copper Scepter,Silver Yue,1800,1,2024-03-01T04:31:51.000Z,https://universalis.app/market/2057
5062,Copper Ingot,Astray Eclipse,450,7,2024-02-19T17:28:08.000Z,https://universalis.app/market/5062
2058,Bronze Scepter,Emet Calaway,450,1,2024-02-21T19:39:34.000Z,https://universalis.app/market/2058
2059,Brass Cudgel,Bim Danglefield,1000,1,2024-02-19T19:53:40.000Z,https://universalis.app/market/2059
2061,Decorated Copper Scepter,Mhitra Rhul,3011,1,2024-02-21T23:28:47.000Z,https://universalis.app/market/2061
5258,Ragstone Whetstone,Bad Guy,200,2,2024-03-04T20:31:26.000Z,https://universalis.app/market/5258
2063,Wind Brand,Tabius Korinthos,30000,1,2024-02-28T15:15:44.000Z,https://universalis.app/market/2063
2066,Ice Brand,Val Maerion,3000,1,2024-02-18T02:51:01.000Z,https://universalis.app/market/2066
2069,Silver Scepter,Living Sky,180,1,2024-03-09T07:15:57.000Z,https://universalis.app/market/2069
5527,Brimstone,Motoko Kusanyagi,2500,2,2024-02-18T23:53:20.000Z,https://universalis.app/market/5527
2071,Earth Brand,Violet Myst,24000,1,2024-02-19T06:46:18.000Z,https://universalis.app/market/2071
2076,Decorated Silver Scepter,Mona Lolimage,10000,1,2024-03-01T01:17:48.000Z,https://universalis.app/market/2076
2078,Fire Brand,Kiet Katt,44444,1,2024-03-11T19:39:09.000Z,https://universalis.app/market/2078
2083,Lightning Brand,Ryder Darktalon,390,1,2024-02-26T00:46:15.000Z,https://universalis.app/market/2083
2088,Electrum Scepter,Tatavachi Yayavachi,1799,1,2024-03-02T21:04:53.000Z,https://universalis.app/market/2088
5489,Quicksilver,Rune Lightscale,1000,12,2024-03-08T02:36:33.000Z,https://universalis.app/market/5489
2093,Vintage Cudgel,Hayden Targaryen,10000,1,2024-02-17T18:07:18.000Z,https://universalis.app/market/2093
5092,Iron Rivets,Luna Musagi,1998,33,2024-02-21T05:00:58.000Z,https://universalis.app/market/5092
2094,Water Brand,Oberon Yllavaris,20000,1,2024-03-10T05:42:29.000Z,https://universalis.app/market/2094
2097,Jade Scepter,Sakana Fish,4001,1,2024-02-29T04:46:59.000Z,https://universalis.app/market/2097
5168,Jade,Palom Mysidia,540,1,2024-03-05T09:17:10.000Z,https://universalis.app/market/5168
5439,Ogre Horn,Map Lock,150,1,2024-02-25T04:30:00.000Z,https://universalis.app/market/5439
2102,Sanguine Scepter,Almighty Poocharoo,105000,1,2024-02-26T03:34:20.000Z,https://universalis.app/market/2102
5206,Pinprick Pebble,Ms Eldari,49,2,2024-02-26T04:12:30.000Z,https://universalis.app/market/5206
2106,Bone Staff,Ervosa Quantillus,526,1,2024-03-13T00:36:46.000Z,https://universalis.app/market/2106
2107,Ramhorn Staff,Eric Boranez,1850,1,2024-03-10T09:43:07.000Z,https://universalis.app/market/2107
2108,Decorated Bone Staff,Tabius Korinthos,900,1,2024-02-28T15:47:50.000Z,https://universalis.app/market/2108
5442,Bat Fang,Ms Malha,126000,1,2024-02-23T18:39:48.000Z,https://universalis.app/market/5442
2109,Toothed Ramhorn Staff,Shin Black,3500,1,2024-02-25T01:34:45.000Z,https://universalis.app/market/2109
2111,Staghorn Staff,Quix Silver,19999,1,2024-03-03T06:07:44.000Z,https://universalis.app/market/2111
2116,Sanguine Horn Staff,Ozzy Mok,2999,1,2024-02-29T06:46:29.000Z,https://universalis.app/market/2116
2118,Toothed Staghorn Staff,Day Dreams,7499,1,2024-02-23T22:10:35.000Z,https://universalis.app/market/2118
2121,Goathorn Staff,Tzuki Naomi,6000,1,2024-02-22T13:16:50.000Z,https://universalis.app/market/2121
2123,Toothed Goathorn Staff,Smug Tsumugi,7200,1,2024-02-25T07:12:04.000Z,https://universalis.app/market/2123
2125,Horn Staff,Naowl Kress,48000,1,2024-02-19T01:38:37.000Z,https://universalis.app/market/2125
2133,Ivory Staff,Elehayym Kaslana,35000,1,2024-02-21T22:15:30.000Z,https://universalis.app/market/2133
2136,Giantsgall Longstaff,Hitomi Murakami,9000,1,2024-02-18T22:56:56.000Z,https://universalis.app/market/2136
2139,Astrolabe,Meow Tea,9500,1,2024-02-21T02:57:21.000Z,https://universalis.app/market/2139
5576,Astrolabe Clinometer,Didrianna Winterset,1600,2,2024-02-22T00:07:54.000Z,https://universalis.app/market/5576
2143,Leather Grimoire,Eley Lalafeley,9999,1,2024-03-06T20:34:18.000Z,https://universalis.app/market/2143
5380,Maple Log,Prolify Qt,1000,97,2024-03-03T02:23:24.000Z,https://universalis.app/market/5380
5475,Enchanted Copper Ink,Mumuko Muko,1000,1,2024-02-19T02:57:49.000Z,https://universalis.app/market/5475
2144,Maple Picatrix,Hydira Veltryx,9500,1,2024-02-18T03:50:42.000Z,https://universalis.app/market/2144
2145,Engraved Leather Grimoire,Riven Zatoshi,7000,1,2024-02-17T21:25:10.000Z,https://universalis.app/market/2145
5383,Ash Log,Prolify Qt,1000,82,2024-03-03T02:41:38.000Z,https://universalis.app/market/5383
2146,Ash Picatrix,Courtney William,4000,1,2024-03-03T03:44:28.000Z,https://universalis.app/market/2146
2147,Hard Leather Grimoire,Riven Zatoshi,40014,1,2024-02-23T01:07:55.000Z,https://universalis.app/market/2147
5385,Elm Log,Home Depot,600,20,2024-03-08T10:50:08.000Z,https://universalis.app/market/5385
5476,Enchanted Iron Ink,Drakey Dragon,3000,2,2024-02-22T22:56:05.000Z,https://universalis.app/market/5476
2149,Engraved Hard Leather Grimoire,Chocolate Tea,10000,1,2024-02-20T12:23:55.000Z,https://universalis.app/market/2149
5386,Yew Log,Draconis Emphira,2499,1,2024-03-03T23:48:06.000Z,https://universalis.app/market/5386
2151,Yew Picatrix,Saphiras Aurora,18021,1,2024-03-08T06:29:38.000Z,https://universalis.app/market/2151
2156,Goatskin Grimoire,Tio Tot,15500,1,2024-03-01T17:59:03.000Z,https://universalis.app/market/2156
5477,Enchanted Silver Ink,Naruto Vowels,4900,2,2024-02-23T21:53:26.000Z,https://universalis.app/market/5477
2160,Engraved Goatskin Grimoire,Rosso Rojo'rouge,25000,1,2024-03-14T02:43:30.000Z,https://universalis.app/market/2160
5388,Walnut Log,Eley Lalafeley,1000,2,2024-03-11T01:24:47.000Z,https://universalis.app/market/5388
2166,Book of Silver,Commune Tea,6000,1,2024-03-10T22:39:34.000Z,https://universalis.app/market/2166
5390,Oak Log,Jia Chou,469,99,2024-02-20T17:06:53.000Z,https://universalis.app/market/5390
2169,Embossed Book of Silver,Cope Wyde,49000,1,2024-03-02T20:48:09.000Z,https://universalis.app/market/2169
2174,Book of Mythril,Bubblegum Twink,25000,1,2024-03-01T20:11:47.000Z,https://universalis.app/market/2174
5346,Flax,Yuul Tah,600,50,2024-03-09T08:56:39.000Z,https://universalis.app/market/5346
5478,Enchanted Mythril Ink,Aquaphoenix Down,1000,3,2024-02-22T20:43:12.000Z,https://universalis.app/market/5478
2184,Vintage Picatrix,Kiko Venuswater,29900,1,2024-02-29T07:46:11.000Z,https://universalis.app/market/2184
2158,Brittle Picatrix,Davor Zorasch,4000,1,2024-03-06T09:41:34.000Z,https://universalis.app/market/2158
2185,Book of Electrum,Sabrina Cerulean,17099,1,2024-02-19T18:06:05.000Z,https://universalis.app/market/2185
5337,Woolen Yarn,Ravina Reoul,9000,1,2024-02-17T03:52:32.000Z,https://universalis.app/market/5337
5393,Rosewood Log,Halo Cupid,501,6,2024-03-03T04:45:11.000Z,https://universalis.app/market/5393
5479,Enchanted Electrum Ink,Kona Kuzakari,1500,1,2024-02-24T23:43:34.000Z,https://universalis.app/market/5479
2189,Embossed Book of Electrum,Sigurd Snow-hair,60104,1,2024-02-23T14:57:15.000Z,https://universalis.app/market/2189
2193,Cantamina Thavnaria,Jutsu Salamander,4000,1,2024-02-29T14:03:24.000Z,https://universalis.app/market/2193
5481,Enchanted Rose Gold Ink,Doyuyu Doyu,1895,1,2024-02-19T02:02:23.000Z,https://universalis.app/market/5481
7586,Weathered Tome,Cirrius Aria,20,1,2024-02-22T02:18:57.000Z,https://universalis.app/market/7586
2194,Medica Thavnaria,Gale De'karios,3500,1,2024-02-17T01:49:06.000Z,https://universalis.app/market/2194
2201,Erudite's Picatrix of Healing,U'mai Gyo,49599,1,2024-02-22T18:57:45.000Z,https://universalis.app/market/2201
5480,Enchanted Gold Ink,Anubis Rosfield,2997,9,2024-02-17T20:14:07.000Z,https://universalis.app/market/5480
5569,Bloody Grimoire Binding,Ririshan Rereshan,2000,1,2024-03-12T23:13:39.000Z,https://universalis.app/market/5569
2202,Erudite's Picatrix of Casting,Valgrod Deldonath,86842,1,2024-02-20T22:09:41.000Z,https://universalis.app/market/2202
2211,Deus Ex Verbis,Y'sayle Iceheart,1697,1,2024-03-12T03:18:35.000Z,https://universalis.app/market/2211
5338,Silk Thread,Aubrey Calpurnia,1200,1,2024-03-07T02:19:29.000Z,https://universalis.app/market/5338
2212,Deus Ex Gratia,Aly Non,17999,1,2024-02-29T20:35:20.000Z,https://universalis.app/market/2212
2219,Square Maple Shield,Azazel Blaze,1000,1,2024-02-18T18:28:15.000Z,https://universalis.app/market/2219
5091,Bronze Rivets,Hummus Enjoyer,1000,1,2024-03-01T09:53:30.000Z,https://universalis.app/market/5091
12524,Titanium Nugget,Haruna Ichikawa,12000,1,2024-03-11T10:19:40.000Z,https://universalis.app/market/12524
12529,Titanium Rivets,Lux Sol,5999,1,2024-02-20T03:54:43.000Z,https://universalis.app/market/12529
12658,Dusk Leather,Urvogel Teryx,439989,1,2024-02-25T13:26:30.000Z,https://universalis.app/market/12658
2226,Bronze Hoplon,Ain Larkspur,14000000,1,2024-02-21T14:48:30.000Z,https://universalis.app/market/2226
5071,Bronze Plate,Hildr Valkyrin,500,99,2024-02-23T13:05:19.000Z,https://universalis.app/market/5071
2228,Round Shield,Shinobi Kaiyo,20000000,1,2024-02-17T09:38:23.000Z,https://universalis.app/market/2228
2229,Leather Targe,Ophilia West,250,1,2024-02-28T23:05:28.000Z,https://universalis.app/market/2229
2230,Bronze Scutum,Bubeli Miyazaki,5000,1,2024-03-11T11:54:59.000Z,https://universalis.app/market/2230
2231,Bronze Buckler,Drox Ryujin,3000,1,2024-02-29T21:18:11.000Z,https://universalis.app/market/2231
2233,Square Ash Shield,Kohaku Kurohana,75,1,2024-03-13T08:21:08.000Z,https://universalis.app/market/2233
2236,Iron Hoplon,Kosame Amagai,50006,1,2024-02-28T22:34:24.000Z,https://universalis.app/market/2236
2238,Vintage Square Shield,Everly Nightingale,38000,1,2024-02-19T08:35:17.000Z,https://universalis.app/market/2238
2224,Worm-eaten Square Shield,Oro Borus,101,1,2024-03-07T14:44:06.000Z,https://universalis.app/market/2224
4859,Cider Vinegar,Alex Juice,75,10,2024-02-28T08:47:26.000Z,https://universalis.app/market/4859
2239,Ironclad Bronze Buckler,Yuki Rena,4999,1,2024-03-12T02:29:16.000Z,https://universalis.app/market/2239
2241,Iron Lantern Shield,Cerwyn Cassidy,10000,1,2024-02-23T20:05:01.000Z,https://universalis.app/market/2241
5998,Tallow Candle,Exodus Calibur,2000,1,2024-02-25T01:38:32.000Z,https://universalis.app/market/5998
2242,Iron Scutum,Rin Azzy,5008,1,2024-02-24T20:05:26.000Z,https://universalis.app/market/2242
2244,Vintage Hoplon,Vahlia Kane,20000000,1,2024-03-08T21:27:45.000Z,https://universalis.app/market/2244
2225,Tarnished Hoplon,Abagail Smithy,1015,1,2024-02-17T01:24:55.000Z,https://universalis.app/market/2225
2246,Viper-crested Round Shield,Lilith Diabolus,3000,1,2024-02-23T22:30:41.000Z,https://universalis.app/market/2246
2248,Iron Kite Shield,Tazriel Waltz,3000,1,2024-02-20T01:17:29.000Z,https://universalis.app/market/2248
2250,Goatskin Targe,Georgie Boy,50000,1,2024-03-11T01:46:31.000Z,https://universalis.app/market/2250
5093,Steel Rivets,Kasjmir Krvj'l'alia,3000,2,2024-02-28T02:55:03.000Z,https://universalis.app/market/5093
2257,Bull Hoplon,Soft Paws,10000,1,2024-03-07T00:21:29.000Z,https://universalis.app/market/2257
2260,Decorated Buckler,Astray Eclipse,20021,1,2024-03-04T20:08:05.000Z,https://universalis.app/market/2260
2262,Decorated Iron Scutum,Menphina's Sky,15023,1,2024-02-17T23:43:37.000Z,https://universalis.app/market/2262
2264,Vintage Buckler,Georgie Boy,10000,1,2024-03-12T10:53:53.000Z,https://universalis.app/market/2264
2268,Bladed Lantern Shield,Naru Anum,27772,1,2024-03-09T03:58:17.000Z,https://universalis.app/market/2268
2270,Raptorskin Targe,Dakota Kisaragi,38500,1,2024-02-29T02:13:16.000Z,https://universalis.app/market/2270
5099,Mythril Rivets,Sunrise Lockhart,3579,50,2024-02-27T01:53:30.000Z,https://universalis.app/market/5099
2278,Vintage Scutum,Leon Husbundo,10000,1,2024-02-24T04:21:30.000Z,https://universalis.app/market/2278
2232,Rusting Scutum,Map Lock,10000,1,2024-02-25T00:25:47.000Z,https://universalis.app/market/2232
5094,Cobalt Rivets,Kohgith Nelan,3000,1,2024-03-05T22:44:36.000Z,https://universalis.app/market/5094
2287,Eagle-crested Round Shield,Gold Hairpin,20000,1,2024-03-07T21:19:48.000Z,https://universalis.app/market/2287
2289,Vintage Round Shield,Mase Takashi,750,1,2024-02-24T18:01:18.000Z,https://universalis.app/market/2289
2237,Rotting Round Shield,Sky Eclipse,3000,1,2024-03-02T18:56:05.000Z,https://universalis.app/market/2237
5228,Ragstone,Lory Copihwesfv,201,8,2024-03-06T17:10:53.000Z,https://universalis.app/market/5228
5517,Lanolin,Kyahat Elakha,100,1,2024-02-18T03:46:16.000Z,https://universalis.app/market/5517
2294,Kite Shield,L'makano Qejeh,27772,1,2024-03-03T23:36:17.000Z,https://universalis.app/market/2294
2296,Cobalt Bladed Lantern Shield,Joanna Belluccia,25035,1,2024-02-25T07:09:52.000Z,https://universalis.app/market/2296
2259,Scarred Kite Shield,Jenni Code,25,1,2024-02-28T01:34:59.000Z,https://universalis.app/market/2259
2302,Darksteel Scutum,Drakey Dragon,9455,1,2024-02-29T02:14:45.000Z,https://universalis.app/market/2302
5060,Darksteel Ingot,S'kiya Yoru,10003,1,2024-03-08T14:23:15.000Z,https://universalis.app/market/5060
5095,Darksteel Rivets,Jaya Folthorne,5000,99,2024-02-24T17:19:23.000Z,https://universalis.app/market/5095
2303,Darksteel Buckler,Marinell Devotay,4500,1,2024-03-13T23:10:37.000Z,https://universalis.app/market/2303
2304,Spruce Round Shield,Dumbalex Healsyou,1555,1,2024-02-20T17:25:43.000Z,https://universalis.app/market/2304
5379,Treated Spruce Lumber,Deevo Yunshuck,59979,1,2024-03-11T05:38:14.000Z,https://universalis.app/market/5379
2315,Bronze Saw,Aria Lufkin,2000,1,2024-03-08T17:16:58.000Z,https://universalis.app/market/2315
2317,Chocobotail Saw,M'aya Loha,496,1,2024-02-24T23:59:18.000Z,https://universalis.app/market/2317
2318,Initiate's Saw,Devilslayer Soulthief,2018,1,2024-03-15T01:15:32.000Z,https://universalis.app/market/2318
2319,Bas-relief Iron Saw,Kosame Amagai,67899,1,2024-02-27T20:42:33.000Z,https://universalis.app/market/2319
2320,Iron Chocobotail Saw,Jessinia Saneko,10040,1,2024-03-12T03:38:39.000Z,https://universalis.app/market/2320
2321,Bas-relief Steel Saw,Minfilia Warde'',12500,1,2024-02-20T17:26:32.000Z,https://universalis.app/market/2321
2322,Crosscut Saw,Koya Qerel,21000,1,2024-02-17T11:35:03.000Z,https://universalis.app/market/2322
2323,Mythril Saw,Astray Eclipse,40000,1,2024-03-02T21:51:21.000Z,https://universalis.app/market/2323
2324,Mythril Chocobotail Saw,Lysa Striker,10000,1,2024-03-11T21:35:36.000Z,https://universalis.app/market/2324
2325,Bas-relief Cobalt Saw,Niviko Elusive,11300,1,2024-02-21T17:59:01.000Z,https://universalis.app/market/2325
2328,Amateur's Claw Hammer,Joseph Dragonknight,3000,1,2024-03-09T08:09:08.000Z,https://universalis.app/market/2328
2329,Bronze Claw Hammer,Jovvi Gahjewesfv,699,1,2024-02-20T07:33:10.000Z,https://universalis.app/market/2329
2331,Iron Claw Hammer,Catnip Lacroix,12019,1,2024-03-03T02:33:29.000Z,https://universalis.app/market/2331
5483,Jellyfish Humours,T'zolah Nunh,602,2,2024-02-27T00:53:56.000Z,https://universalis.app/market/5483
2332,Initiate's Claw Hammer,Kosame Amagai,5000,1,2024-02-27T20:42:26.000Z,https://universalis.app/market/2332
2334,Steel Claw Hammer,Derpy Fool,68000,1,2024-02-26T05:03:07.000Z,https://universalis.app/market/2334
2335,Wrapped Steel Claw Hammer,Astray Eclipse,35444,1,2024-03-02T21:51:29.000Z,https://universalis.app/market/2335
5485,Linseed Oil,Aubrey Calpurnia,5000,4,2024-03-03T21:54:08.000Z,https://universalis.app/market/5485
2337,Mythril Claw Hammer,X'akhra Tiaque,15000,1,2024-03-08T01:28:26.000Z,https://universalis.app/market/2337
2338,Cobalt Claw Hammer,Sara Sixty-nine,22107,1,2024-02-24T18:33:59.000Z,https://universalis.app/market/2338
2339,Militia Claw Hammer,Noah Hunt,50000,1,2024-02-20T00:21:38.000Z,https://universalis.app/market/2339
2341,Bronze Cross-pein Hammer,Willow Rivers,1000,1,2024-03-02T14:04:34.000Z,https://universalis.app/market/2341
2342,Amateur's Cross-pein Hammer,Sweet Justice,300,1,2024-03-10T15:19:04.000Z,https://universalis.app/market/2342
2343,Birdsbeak Hammer,Bim Danglefield,1000,1,2024-02-17T17:05:26.000Z,https://universalis.app/market/2343
5325,Undyed Cotton Cloth,Ravyn Thurnstone,2500,2,2024-02-19T06:22:09.000Z,https://universalis.app/market/5325
2344,Iron Cross-pein Hammer,Fefy Bellegarde,32998,1,2024-03-13T17:09:26.000Z,https://universalis.app/market/2344
2345,Initiate's Cross-pein Hammer,Vernaud Nox,12000,1,2024-03-09T15:53:00.000Z,https://universalis.app/market/2345
2346,Crowsbeak Hammer,Y'uumi Norra,20000,1,2024-03-12T04:15:49.000Z,https://universalis.app/market/2346
2347,Heavy Crowsbeak Hammer,Kosame Amagai,9996,1,2024-02-27T07:52:35.000Z,https://universalis.app/market/2347
2348,Steel Cross-pein Hammer,Eley Lalafeley,7057,1,2024-02-21T02:15:00.000Z,https://universalis.app/market/2348
5326,Undyed Velveteen,Meringue Vanille,3998,3,2024-02-28T05:40:24.000Z,https://universalis.app/market/5326
2349,Steel Crowsbeak Hammer,Bjorn Golmarr,34999,1,2024-03-11T20:34:24.000Z,https://universalis.app/market/2349
2350,Wrapped Crowsbeak Hammer,Liara Sandoval,55555,1,2024-03-05T23:27:32.000Z,https://universalis.app/market/2350
2351,Cobalt Cross-pein Hammer,Talla Dega,66666,1,2024-02-19T15:44:31.000Z,https://universalis.app/market/2351
2352,Wrapped Hawksbeak Hammer,Kosame Amagai,10110,1,2024-02-27T09:42:42.000Z,https://universalis.app/market/2352
2355,Amateur's File,Maya Mhasi,10005,1,2024-03-08T02:16:34.000Z,https://universalis.app/market/2355
2356,Bronze File,Friend Boat,1500,1,2024-03-01T00:52:23.000Z,https://universalis.app/market/2356
2358,Iron File,Alexander Nafait,4999,1,2024-03-03T00:36:20.000Z,https://universalis.app/market/2358
2359,Initiate's File,Maosera Yorha,4700,1,2024-03-05T06:51:48.000Z,https://universalis.app/market/2359
2361,Steel File,Sneaky Castro,48000,1,2024-03-05T04:50:07.000Z,https://universalis.app/market/2361
2363,Mythril File,Talla Dega,12500,1,2024-02-19T15:44:55.000Z,https://universalis.app/market/2363
2364,Cobalt File,Sara Sixty-nine,20107,1,2024-02-24T18:31:52.000Z,https://universalis.app/market/2364
2365,Militia File,Akari Sara,50000,1,2024-02-18T08:48:46.000Z,https://universalis.app/market/2365
2367,Bronze Doming Hammer,Exodus Calibur,198,1,2024-02-20T21:39:17.000Z,https://universalis.app/market/2367
2368,Amateur's Doming Hammer,Dorian Forbess,180,1,2024-02-27T06:38:00.000Z,https://universalis.app/market/2368
2369,Bronze Raising Hammer,Willow Rivers,2000,1,2024-02-17T12:04:13.000Z,https://universalis.app/market/2369
2370,Iron Doming Hammer,Vyktoria Bjarga,5999,1,2024-02-21T03:08:30.000Z,https://universalis.app/market/2370
2371,Initiate's Doming Hammer,Alexander Nafait,4999,1,2024-03-03T00:34:29.000Z,https://universalis.app/market/2371
2372,Iron Raising Hammer,Willow Rivers,10000,1,2024-02-17T18:14:11.000Z,https://universalis.app/market/2372
2373,Wrapped Iron Raising Hammer,Hjordis Ravnhild,746,1,2024-03-01T23:47:08.000Z,https://universalis.app/market/2373
2374,Steel Doming Hammer,Ryteor Vannes,40000,1,2024-02-23T02:57:57.000Z,https://universalis.app/market/2374
2375,Steel Raising Hammer,Tuan Nguyen,33074,1,2024-03-14T15:53:41.000Z,https://universalis.app/market/2375
2376,Cobalt Doming Hammer,Rukia Himejima,20000,1,2024-03-11T06:46:37.000Z,https://universalis.app/market/2376
2377,Cobalt Raising Hammer,Saheeli Rai,100110,1,2024-02-27T01:51:35.000Z,https://universalis.app/market/2377
2380,Amateur's Pliers,Mango Sundae,3000,1,2024-02-18T23:46:17.000Z,https://universalis.app/market/2380
2381,Bronze Pliers,Zyraia Ilzekai,450,1,2024-03-03T19:49:15.000Z,https://universalis.app/market/2381
2383,Iron Pliers,Ryteor Vannes,50000,1,2024-02-23T02:58:16.000Z,https://universalis.app/market/2383
2384,Initiate's Pliers,Rukia Himejima,3699,1,2024-03-09T06:29:34.000Z,https://universalis.app/market/2384
2386,Steel Pliers,Willow Rivers,2500,1,2024-02-18T15:53:31.000Z,https://universalis.app/market/2386
2388,Mythril Pliers,Hori Muramasa,11000,1,2024-03-07T13:51:38.000Z,https://universalis.app/market/2388
2389,Cobalt Pliers,Kosame Amagai,40000,1,2024-02-28T00:22:01.000Z,https://universalis.app/market/2389
2390,Militia Pliers,Syhrbryda Lyngmynawyn,45000,1,2024-02-29T02:00:35.000Z,https://universalis.app/market/2390
2392,Bronze Chaser Hammer,Redder Kuro,50,1,2024-02-17T19:56:08.000Z,https://universalis.app/market/2392
2394,Bronze Ornamental Hammer,Taitan Na'dal,1800,1,2024-03-03T18:45:09.000Z,https://universalis.app/market/2394
2395,Iron Chaser Hammer,Taitan Na'dal,3000,1,2024-03-03T19:05:39.000Z,https://universalis.app/market/2395
2396,Initiate's Chaser Hammer,Cole Roack,25021,1,2024-03-10T19:28:22.000Z,https://universalis.app/market/2396
2397,Iron Ornamental Hammer,Cerwyn Cassidy,7000,1,2024-02-24T23:24:00.000Z,https://universalis.app/market/2397
2398,Steel Chaser Hammer,Astray Eclipse,20046,1,2024-02-27T23:36:24.000Z,https://universalis.app/market/2398
2399,Steel Ornamental Hammer,Jovvi Gahjewesfv,5000,1,2024-03-03T00:04:37.000Z,https://universalis.app/market/2399
2400,Mythril Ornamental Hammer,Soft Paws,10000,1,2024-03-07T00:21:16.000Z,https://universalis.app/market/2400
2401,Mythril Lapidary Hammer,Kosame Amagai,11192,1,2024-02-27T23:00:17.000Z,https://universalis.app/market/2401
2402,Electrum Lapidary Hammer,Reavy Dunsparrow,35000,1,2024-03-04T00:31:47.000Z,https://universalis.app/market/2402
5183,Tourmaline,Palom Mysidia,1000,2,2024-03-01T08:10:32.000Z,https://universalis.app/market/5183
2405,Amateur's Grinding Wheel,Vellicoeur Starstruck,1000,1,2024-02-27T04:44:16.000Z,https://universalis.app/market/2405
2406,Ragstone Grinding Wheel,Hydira Veltryx,7000,1,2024-02-21T04:28:28.000Z,https://universalis.app/market/2406
2408,Mudstone Grinding Wheel,Riven Zatoshi,50000,1,2024-02-24T04:53:19.000Z,https://universalis.app/market/2408
5229,Mudstone,Tuan Nguyen,801,11,2024-03-06T14:33:06.000Z,https://universalis.app/market/5229
2409,Initiate's Grinding Wheel,Rin Azzy,8499,1,2024-02-26T01:13:13.000Z,https://universalis.app/market/2409
2411,Siltstone Grinding Wheel,Ravenna Winter,44759,1,2024-03-13T20:05:17.000Z,https://universalis.app/market/2411
5231,Siltstone,Sahz Bloodmourn,888,4,2024-03-10T07:44:30.000Z,https://universalis.app/market/5231
2413,Garnet Grinding Wheel,Dima Sen'th,12000,1,2024-02-28T05:22:02.000Z,https://universalis.app/market/2413
5134,Raw Garnet,Omni Terasu,1000,1,2024-03-08T02:16:08.000Z,https://universalis.app/market/5134
2414,Basilisk Grinding Wheel,Lord Mogsworth,40107,1,2024-02-22T18:59:37.000Z,https://universalis.app/market/2414
5263,Basilisk Egg,Fay Ferra,500,1,2024-03-13T22:32:05.000Z,https://universalis.app/market/5263
2415,Militia Grinding Wheel,Syhrbryda Lyngmynawyn,55000,1,2024-02-29T02:00:44.000Z,https://universalis.app/market/2415
5158,Astral Rock,Palom Mysidia,490,34,2024-03-08T21:06:43.000Z,https://universalis.app/market/5158
2417,Bronze Head Knife,Kohaku Kurohana,12000,1,2024-03-07T22:14:43.000Z,https://universalis.app/market/2417
2418,Amateur's Head Knife,Hydira Veltryx,895,1,2024-02-20T02:01:10.000Z,https://universalis.app/market/2418
2419,Brass Head Knife,Astray Eclipse,6500,1,2024-02-19T17:32:31.000Z,https://universalis.app/market/2419
2420,Initiate's Head Knife,Kosame Amagai,11018,1,2024-02-27T07:37:52.000Z,https://universalis.app/market/2420
2421,Iron Round Knife,Chii Chii,50000,1,2024-02-25T17:06:02.000Z,https://universalis.app/market/2421
2422,Iron Head Knife,Cerwyn Cassidy,1500,1,2024-02-28T01:03:50.000Z,https://universalis.app/market/2422
2424,Steel Round Knife,Hjordis Ravnhild,556,1,2024-02-29T00:05:08.000Z,https://universalis.app/market/2424
2425,Mythril Head Knife,Ozwyn Murciel,5000,1,2024-02-26T02:50:49.000Z,https://universalis.app/market/2425
2426,Mythril Round Knife,Jovvi Gahjewesfv,20000,1,2024-03-10T22:33:01.000Z,https://universalis.app/market/2426
2427,Electrum Head Knife,Dima Sen'th,80110,1,2024-03-02T10:05:06.000Z,https://universalis.app/market/2427
2430,Amateur's Awl,Willow Rivers,900,1,2024-03-01T13:09:24.000Z,https://universalis.app/market/2430
2431,Bronze Awl,Thalis Marvell,2999,1,2024-02-25T17:03:07.000Z,https://universalis.app/market/2431
2433,Iron Awl,Azar Birdu,20000,1,2024-03-03T23:52:17.000Z,https://universalis.app/market/2433
2436,Steel Awl,Rei Tatsuya,15000,1,2024-03-02T20:51:55.000Z,https://universalis.app/market/2436
2437,Wrapped Steel Awl,Bud Heavy,21000,1,2024-03-06T23:30:31.000Z,https://universalis.app/market/2437
2439,Mythril Awl,Muzic Deaf,11000,1,2024-03-06T23:09:25.000Z,https://universalis.app/market/2439
2440,Cobalt Awl,Chisai Kuratta,19999,1,2024-02-25T19:16:14.000Z,https://universalis.app/market/2440
2441,Militia Awl,Syhrbryda Lyngmynawyn,17730,1,2024-02-29T02:00:52.000Z,https://universalis.app/market/2441
2443,Copper Needle,Ms Elistina,74,1,2024-02-23T18:09:27.000Z,https://universalis.app/market/2443
2444,Bat Fang Needle,Kagome Leonheart,909,1,2024-03-03T18:32:56.000Z,https://universalis.app/market/2444
2445,Amateur's Needle,Licoco Lico,450,1,2024-03-14T20:05:53.000Z,https://universalis.app/market/2445
2446,Brass Needle,Ice Crystal,3999,1,2024-03-02T17:30:19.000Z,https://universalis.app/market/2446
2447,Initiate's Needle,Cerwyn Cassidy,7028,1,2024-02-25T19:52:50.000Z,https://universalis.app/market/2447
2448,Silver Needle,Yui Kurokawa,6000,1,2024-02-17T15:38:01.000Z,https://universalis.app/market/2448
2449,Worm Fang Needle,Candie Carti,68000,1,2024-02-21T03:00:21.000Z,https://universalis.app/market/2449
5447,Sandworm Fang,Yoimiya Naganohara,500,99,2024-03-05T22:56:39.000Z,https://universalis.app/market/5447
2450,Mythril Needle,Yui Kurokawa,15000,1,2024-02-17T16:01:17.000Z,https://universalis.app/market/2450
2451,Wolf Fang Needle,Callum Agnar,30800,1,2024-03-06T03:02:41.000Z,https://universalis.app/market/2451
2452,Thousand Needle,Solaara Windynn,10000,1,2024-03-11T10:35:01.000Z,https://universalis.app/market/2452
5468,Cactuar Needle,Shor Ahamut,2500,5,2024-03-06T01:08:38.000Z,https://universalis.app/market/5468
2453,Electrum Needle,Sephora Rhapsodos,7500,1,2024-02-21T03:18:26.000Z,https://universalis.app/market/2453
2456,Amateur's Spinning Wheel,Valgrim Nightbane,99,1,2024-03-11T23:38:26.000Z,https://universalis.app/market/2456
2457,Ash Spinning Wheel,Solaara Windynn,1000,1,2024-03-05T09:00:58.000Z,https://universalis.app/market/2457
2459,Initiate's Spinning Wheel,Rin Azzy,8000,1,2024-02-20T23:50:40.000Z,https://universalis.app/market/2459
2460,Elm Spinning Wheel,Cole Roack,8500,1,2024-03-09T16:02:59.000Z,https://universalis.app/market/2460
2462,Walnut Spinning Wheel,Gold Hairpin,22000,1,2024-02-27T15:27:44.000Z,https://universalis.app/market/2462
2464,Mahogany Spinning Wheel,Cole Roack,75000,1,2024-03-09T17:38:11.000Z,https://universalis.app/market/2464
2465,Rosewood Spinning Wheel,Consulting Wizard,26899,1,2024-02-18T06:07:30.000Z,https://universalis.app/market/2465
2466,Militia Spinning Wheel,Sephora Rhapsodos,30000,1,2024-02-21T03:18:21.000Z,https://universalis.app/market/2466
2468,Bronze Alembic,Flexi Seal,40000,1,2024-02-17T20:12:49.000Z,https://universalis.app/market/2468
2469,Amateur's Alembic,Kohaku Kurohana,10000,1,2024-03-05T09:13:38.000Z,https://universalis.app/market/2469
2470,Brass Alembic,Marleena Vox,9999,1,2024-03-01T19:28:34.000Z,https://universalis.app/market/2470
2471,Initiate's Alembic,Ryteor Vannes,3157,1,2024-02-23T02:53:43.000Z,https://universalis.app/market/2471
2472,Iron Alembic,Cerwyn Cassidy,2500,1,2024-02-25T19:54:22.000Z,https://universalis.app/market/2472
2473,Conical Alembic,Libertus Ostium,1500,1,2024-02-18T13:24:54.000Z,https://universalis.app/market/2473
2474,Steel Alembic,Funeral Parlour,50000,1,2024-03-09T02:18:01.000Z,https://universalis.app/market/2474
2475,Silver Alembic,Faie Faie,10000,1,2024-02-17T22:13:50.000Z,https://universalis.app/market/2475
2476,Mythril Alembic,Chiull Malqir,35000,1,2024-02-20T02:28:03.000Z,https://universalis.app/market/2476
2477,Electrum Alembic,Athena Darkpromise,10000,1,2024-02-17T15:50:23.000Z,https://universalis.app/market/2477
2478,Thermal Alembic,Kosame Amagai,68000,1,2024-02-27T10:23:27.000Z,https://universalis.app/market/2478
2481,Amateur's Mortar,Y'sayle Iceheart,295,1,2024-02-26T05:53:07.000Z,https://universalis.app/market/2481
2482,Bronze Mortar,Exodus Calibur,299,1,2024-02-21T21:50:01.000Z,https://universalis.app/market/2482
2484,Iron Mortar,Khloe Kisne,50000,1,2024-02-22T06:29:05.000Z,https://universalis.app/market/2484
2485,Initiate's Mortar,Kosame Amagai,19999,1,2024-02-27T09:51:08.000Z,https://universalis.app/market/2485
2487,Steel Mortar,Austyn Kiwamitora,9000,1,2024-02-20T01:33:52.000Z,https://universalis.app/market/2487
2488,Heavy Steel Mortar,Naruto Vowels,3000,1,2024-02-24T13:59:54.000Z,https://universalis.app/market/2488
2490,Mythril Mortar,Athena Darkpromise,15092,1,2024-02-17T15:50:30.000Z,https://universalis.app/market/2490
2491,Cobalt Mortar,Gisela Westlake,50107,1,2024-02-21T20:24:09.000Z,https://universalis.app/market/2491
2492,Militia Mortar,Rory Crowe,19000,1,2024-02-29T22:37:01.000Z,https://universalis.app/market/2492
2494,Bronze Skillet,Aria Lufkin,10000,1,2024-03-07T13:24:36.000Z,https://universalis.app/market/2494
2495,Amateur's Skillet,Azie Emet,3000,1,2024-03-11T23:15:18.000Z,https://universalis.app/market/2495
2496,Iron Skillet,Yuri Fujiwara,20000,1,2024-02-18T16:09:13.000Z,https://universalis.app/market/2496
2497,Initiate's Skillet,Friend Boat,1368,1,2024-03-01T01:04:10.000Z,https://universalis.app/market/2497
2498,Iron Frypan,Drakey Dragon,15000,1,2024-02-26T18:53:39.000Z,https://universalis.app/market/2498
2499,Bomb Frypan,Mudd Puppet,6000,1,2024-03-02T16:07:17.000Z,https://universalis.app/market/2499
5528,Bomb Ash,Violet Trayvere,500,3,2024-03-15T17:50:10.000Z,https://universalis.app/market/5528
2500,Steel Skillet,Luna Mayham,7053,1,2024-02-21T05:48:09.000Z,https://universalis.app/market/2500
2501,White Skillet,Vermili Heartwright,10000,1,2024-02-24T00:38:52.000Z,https://universalis.app/market/2501
2502,Steel Frypan,Rukia Himejima,55555,1,2024-03-04T10:01:32.000Z,https://universalis.app/market/2502
2503,Cobalt Skillet,Mudd Puppet,15000,1,2024-03-02T17:44:11.000Z,https://universalis.app/market/2503
2504,Hells' Kitchen,Tira Minou,49890,1,2024-02-19T17:11:29.000Z,https://universalis.app/market/2504
2507,Amateur's Culinary Knife,Delilah Doree,400,1,2024-02-26T22:25:19.000Z,https://universalis.app/market/2507
2508,Bronze Culinary Knife,Vandal Vlad,10001,1,2024-02-25T18:39:53.000Z,https://universalis.app/market/2508
2510,Iron Culinary Knife,Jovvi Gahjewesfv,50000,1,2024-02-22T08:50:04.000Z,https://universalis.app/market/2510
2511,Initiate's Culinary Knife,A'ri Tristitia,9999,1,2024-02-24T07:46:13.000Z,https://universalis.app/market/2511
2513,Steel Culinary Knife,Zelda Faye,17500,1,2024-03-11T05:03:39.000Z,https://universalis.app/market/2513
2514,Wrapped Steel Culinary Knife,Cyles Blackheart,68000,1,2024-02-29T02:38:32.000Z,https://universalis.app/market/2514
2516,Mythril Culinary Knife,Mandas Florina,68000,1,2024-02-27T23:32:09.000Z,https://universalis.app/market/2516
2517,Cobalt Culinary Knife,Cecilia De'rose,10000,1,2024-03-11T01:30:59.000Z,https://universalis.app/market/2517
2518,Militia Culinary Knife,Cyles Blackheart,44600,1,2024-02-29T03:57:44.000Z,https://universalis.app/market/2518
2520,Bronze Pickaxe,Owl Rukh,1000,1,2024-03-10T17:27:40.000Z,https://universalis.app/market/2520
2521,Amateur's Pickaxe,Rimitsu Wintersoul,20000,1,2024-03-02T00:41:55.000Z,https://universalis.app/market/2521
2522,Plumed Bronze Pickaxe,Illidari Nightfall,9011,1,2024-03-11T23:25:32.000Z,https://universalis.app/market/2522
2523,Iron Pickaxe,Haoyu Tao,38999,1,2024-02-23T04:13:28.000Z,https://universalis.app/market/2523
2524,Initiate's Pickaxe,Dancing Moon,50000,1,2024-02-26T12:57:39.000Z,https://universalis.app/market/2524
2525,Iron Dolabra,Ashensky Silverfang,15000,1,2024-03-09T17:16:52.000Z,https://universalis.app/market/2525
2526,Steel Pickaxe,Velvet Ale,18000,1,2024-03-04T20:00:32.000Z,https://universalis.app/market/2526
2527,Steel Dolabra,Averidia Rune,15000,1,2024-03-10T00:47:19.000Z,https://universalis.app/market/2527
2528,Plumed Mythril Pickaxe,Muxxic Yomby,18000,1,2024-02-19T17:42:27.000Z,https://universalis.app/market/2528
5327,Undyed Linen,Dino Punch-kick,5000,1,2024-02-17T18:36:24.000Z,https://universalis.app/market/5327
2529,Cobalt Dolabra,Drakey Dragon,800,1,2024-03-06T15:40:36.000Z,https://universalis.app/market/2529
2530,Egret Dolabra,Angel Lightborn,50000,1,2024-02-26T00:38:17.000Z,https://universalis.app/market/2530
2534,Bronze Sledgehammer,Rimitsu Wintersoul,7500,1,2024-03-02T00:41:58.000Z,https://universalis.app/market/2534
2536,Initiate's Sledgehammer,Yunezia Ayula,19918,1,2024-03-06T12:38:53.000Z,https://universalis.app/market/2536
2537,Iron Sledgehammer,Haoyu Tao,120000,1,2024-02-23T04:13:31.000Z,https://universalis.app/market/2537
2539,Steel Sledgehammer,Vermili Heartwright,50000,1,2024-02-25T01:55:43.000Z,https://universalis.app/market/2539
2540,Wrapped Steel Sledgehammer,Azazel Blaze,17000,1,2024-02-17T19:52:24.000Z,https://universalis.app/market/2540
2542,Mythril Sledgehammer,Kuro Nightstorm,24000,1,2024-02-20T05:18:45.000Z,https://universalis.app/market/2542
2543,Cobalt Sledgehammer,Zarah Ellismarrah,45000,1,2024-02-27T08:32:26.000Z,https://universalis.app/market/2543
2544,Militia Sledgehammer,Angel Lightborn,50000,1,2024-02-26T00:31:35.000Z,https://universalis.app/market/2544
2546,Bronze Hatchet,Kohaku Kurohana,100000,1,2024-03-02T21:30:51.000Z,https://universalis.app/market/2546
2547,Amateur's Hatchet,Bethov Thy,1000,1,2024-02-17T22:36:24.000Z,https://universalis.app/market/2547
2548,Iron Hatchet,Honeybaked Beans,448,1,2024-03-11T22:31:22.000Z,https://universalis.app/market/2548
2549,Initiate's Hatchet,Sumire Tenshi,19979,1,2024-02-20T04:00:47.000Z,https://universalis.app/market/2549
2550,Brass Hatchet,Vuli Livu,50000,1,2024-03-02T22:05:09.000Z,https://universalis.app/market/2550
2551,Plumed Iron Hatchet,Lentil Likethesoup,40000,1,2024-02-21T21:59:54.000Z,https://universalis.app/market/2551
5359,Chocobo Feather,Joya Watari,2500,3,2024-02-20T04:32:07.000Z,https://universalis.app/market/5359
2552,Steel Hatchet,Azazel Blaze,30053,1,2024-02-17T19:48:24.000Z,https://universalis.app/market/2552
2553,Plumed Steel Hatchet,Mi'yuki Tsukino,11000,1,2024-02-23T06:42:51.000Z,https://universalis.app/market/2553
2554,Mythril Hatchet,Dumbalex Healsyou,10001,1,2024-02-21T21:20:59.000Z,https://universalis.app/market/2554
2555,Cobalt Hatchet,Noxus Aurelius,5000,1,2024-03-04T07:19:30.000Z,https://universalis.app/market/2555
2556,Horned Hatchet,Melia Kah,80000,1,2024-02-24T00:11:25.000Z,https://universalis.app/market/2556
2560,Bronze Scythe,Liefhun Steeleshot,3009,1,2024-02-23T18:30:37.000Z,https://universalis.app/market/2560
2562,Iron Scythe,Meara Hera,19018,1,2024-02-25T01:20:35.000Z,https://universalis.app/market/2562
2563,Initiate's Scythe,Skyfox Asura,5000,1,2024-03-06T00:51:59.000Z,https://universalis.app/market/2563
2565,Steel Scythe,Dino Punch-kick,65000,1,2024-02-23T22:14:33.000Z,https://universalis.app/market/2565
2566,Wrapped Steel Scythe,Dino Punch-kick,50000,1,2024-02-23T23:03:38.000Z,https://universalis.app/market/2566
2568,Mythril Scythe,Irie Yagami,68000,1,2024-02-26T10:24:01.000Z,https://universalis.app/market/2568
2569,Cobalt Scythe,Mel Skyppes,65000,1,2024-02-21T23:43:27.000Z,https://universalis.app/market/2569
2570,Militia Scythe,Ajna Lotus,99930,1,2024-02-25T23:35:01.000Z,https://universalis.app/market/2570
2572,Maple Fishing Rod,Zakhiri Ryzen,8000,1,2024-03-01T21:43:07.000Z,https://universalis.app/market/2572
2573,Amateur's Fishing Rod,Tatsumi Foxx,19000,1,2024-02-19T17:50:47.000Z,https://universalis.app/market/2573
2574,Elm Fishing Rod,Roku Jenzaisch,4999,1,2024-02-25T08:50:39.000Z,https://universalis.app/market/2574
2575,Initiate's Fishing Rod,Lost Mans,5000,1,2024-03-13T01:43:19.000Z,https://universalis.app/market/2575
2576,Yew Fishing Rod,Ravyn Thurnstone,60000,1,2024-02-19T03:06:35.000Z,https://universalis.app/market/2576
2577,Staghorn Fishing Rod,Galvin Swiftheart,5668,1,2024-03-03T01:43:39.000Z,https://universalis.app/market/2577
2578,Walnut Fishing Rod,Starfire Bellator,100000,1,2024-03-11T23:07:30.000Z,https://universalis.app/market/2578
2579,Horn Fishing Rod,Mimik'u Miku,5000,1,2024-03-13T13:39:46.000Z,https://universalis.app/market/2579
2580,Mahogany Fishing Rod,Mirabelle Halha,19999,1,2024-02-17T15:09:52.000Z,https://universalis.app/market/2580
2581,Rosewood Fishing Rod,Keiten Kurogane,20000,1,2024-03-10T00:03:19.000Z,https://universalis.app/market/2581
2582,Gilded Rosewood Fishing Rod,Penelope Paprikash,49999,1,2024-02-26T00:05:54.000Z,https://universalis.app/market/2582
2588,Crayfish Ball,Tukty Darkew,400,10,2024-03-10T03:51:19.000Z,https://universalis.app/market/2588
4825,Rye Flour,Charlie Manson,400,2,2024-02-29T21:49:27.000Z,https://universalis.app/market/4825
4925,Crayfish,Somnus Caddel,1001,7,2024-03-14T09:27:05.000Z,https://universalis.app/market/4925
2589,Goby Ball,Roomie Tealeaf,700,10,2024-02-26T12:17:27.000Z,https://universalis.app/market/2589
4931,Dusk Goby,Roomie Tealeaf,4000,4,2024-02-26T12:18:02.000Z,https://universalis.app/market/4931
2593,Crab Ball,Jagannath Dragonheart,47,99,2024-03-11T15:20:29.000Z,https://universalis.app/market/2593
4880,Helmet Crab,Georgie Boy,6000,1,2024-03-11T18:27:24.000Z,https://universalis.app/market/4880
2595,Bass Ball,Claymore Darkstone,20,50,2024-03-06T18:32:57.000Z,https://universalis.app/market/2595
4826,Sunset Wheat Flour,Vasella Ontagini,1000,1,2024-02-29T00:28:01.000Z,https://universalis.app/market/4826
4959,Dark Bass,Glam Orous,5000,2,2024-03-08T09:13:14.000Z,https://universalis.app/market/4959
2598,Herring Ball,Ansvarr Anteros,100,99,2024-02-18T01:44:34.000Z,https://universalis.app/market/2598
4895,Indigo Herring,Shiro Aichaku,1000,4,2024-02-25T20:21:56.000Z,https://universalis.app/market/4895
2610,Chocobo Fly,T'kalla Menh,1000,1,2024-02-18T11:21:22.000Z,https://universalis.app/market/2610
2611,Floating Minnow,Mo'ni Ka,290,15,2024-03-04T22:18:19.000Z,https://universalis.app/market/2611
2612,Brass Spoon Lure,Vellicoeur Starstruck,99,3,2024-03-02T15:34:59.000Z,https://universalis.app/market/2612
2614,Crow Fly,Malik Thorne,3001,1,2024-02-18T21:58:46.000Z,https://universalis.app/market/2614
2615,Silver Spoon Lure,Lilina Emeryn,100,17,2024-02-21T01:19:38.000Z,https://universalis.app/market/2615
2616,Steel Jig,Sitri Corday,1897,5,2024-03-03T03:43:56.000Z,https://universalis.app/market/2616
2617,Sinking Minnow,Jasper James,4999,11,2024-02-28T01:24:30.000Z,https://universalis.app/market/2617
2618,Snurble Fly,Cutscene Andy,5000,5,2024-02-19T05:59:32.000Z,https://universalis.app/market/2618
5349,Snurble Tufts,Daraath Walseldt,1976,2,2024-02-19T00:28:40.000Z,https://universalis.app/market/5349
2619,Heavy Steel Jig,Keiko Mihata,5000,5,2024-02-17T15:51:41.000Z,https://universalis.app/market/2619
2620,Spinner,Frej Ei'kahn,5000,25,2024-03-07T07:25:57.000Z,https://universalis.app/market/2620
4900,Whitelip Oyster,Morna Lancaster,8796,17,2024-03-15T23:12:44.000Z,https://universalis.app/market/4900
2622,Mythril Spoon Lure,Modomori Ulfreign,695,99,2024-02-19T01:14:53.000Z,https://universalis.app/market/2622
2623,Wildfowl Fly,Saghani Arulaq,4009,99,2024-02-21T01:05:52.000Z,https://universalis.app/market/2623
2624,Topwater Frog,Violet Rae,5012,10,2024-02-22T21:55:47.000Z,https://universalis.app/market/2624
2625,Rainbow Spoon Lure,Mo'ni Ka,4000,5,2024-02-28T04:24:09.000Z,https://universalis.app/market/2625
5466,Blacklip Oyster,Katarina Powers,5000,5,2024-03-11T01:45:41.000Z,https://universalis.app/market/5466
2626,Spinnerbait,Komaxela Winterbrook,5000,5,2024-02-17T16:59:13.000Z,https://universalis.app/market/2626
5329,Undyed Felt,Mizuiru Mcbungus,10000,15,2024-02-27T21:16:50.000Z,https://universalis.app/market/5329
2627,Streamer,Rouzu Dovahkiin,1200,10,2024-02-19T04:29:36.000Z,https://universalis.app/market/2627
2628,Yumizuno,Ginta Fire,5000,5,2024-02-18T02:31:46.000Z,https://universalis.app/market/2628
2629,Hempen Coif,Loija Djt-gilda,5000,1,2024-02-22T18:06:33.000Z,https://universalis.app/market/2629
2630,Hempen Coif of Gathering,Jagannath Dragonheart,10000,1,2024-03-09T14:40:12.000Z,https://universalis.app/market/2630
2631,Leather Calot,Amh Lufkin,99999,1,2024-03-03T13:08:12.000Z,https://universalis.app/market/2631
2650,Company Hat,Lucine Kurage,950000,1,2024-02-17T02:15:14.000Z,https://universalis.app/market/2650
12590,Ramie Cloth,Astray Eclipse,23420,3,2024-03-05T20:57:57.000Z,https://universalis.app/market/12590
12595,Ramie Thread,Tyri Sakimuri,4990,15,2024-03-05T20:28:43.000Z,https://universalis.app/market/12595
2652,Hempen Bandana,Zakhiri Ryzen,9999,1,2024-03-01T21:43:48.000Z,https://universalis.app/market/2652
2653,Leather Eyepatch,Klivian Tamsra,10000000,1,2024-02-18T02:32:54.000Z,https://universalis.app/market/2653
2654,Hard Leather Pot Helm,Sekka Naeuri,2200,1,2024-02-22T08:36:18.000Z,https://universalis.app/market/2654
2655,Hempen Hat,Zigin Zagan,5000,1,2024-02-20T23:54:13.000Z,https://universalis.app/market/2655
2656,Bronze Chain Coif,Repede San,313420,1,2024-02-18T02:29:35.000Z,https://universalis.app/market/2656
5081,Bronze Rings,Alina Duleau,20,18,2024-02-17T03:04:57.000Z,https://universalis.app/market/5081
2658,Straw Hat,Ishtar Vhuh,1500000,1,2024-02-19T03:39:37.000Z,https://universalis.app/market/2658
5342,Straw,Amaya Mizuki,900,20,2024-03-08T22:24:47.000Z,https://universalis.app/market/5342
2660,Amateur's Headgear,Friend Boat,798,1,2024-03-01T23:09:57.000Z,https://universalis.app/market/2660
2661,Amateur's Hempen Coif,Bry B'good,7500,1,2024-02-24T07:15:48.000Z,https://universalis.app/market/2661
2662,Bronze Sallet,Elelfi Elfi,5211,1,2024-02-24T05:25:16.000Z,https://universalis.app/market/2662
2663,Stablemaid's Hat,Ty Lockhart,6000,1,2024-03-06T00:46:59.000Z,https://universalis.app/market/2663
5540,Carnation,Eley Lalafeley,140,1,2024-03-10T17:50:46.000Z,https://universalis.app/market/5540
2664,Bronze Barbut,Catnip Lacroix,1500,1,2024-03-05T00:10:41.000Z,https://universalis.app/market/2664
2665,Cotton Turban,Meringue Vanille,6500,1,2024-02-28T04:55:40.000Z,https://universalis.app/market/2665
2666,Stablehand's Hat,Chiull Malqir,6000,1,2024-02-19T16:33:09.000Z,https://universalis.app/market/2666
2668,Brass Spectacles,Astray Eclipse,16599,1,2024-02-19T21:25:39.000Z,https://universalis.app/market/2668
5512,Clear Glass Lens,Ahlha'ra Fulna,995,1,2024-03-03T22:41:17.000Z,https://universalis.app/market/5512
2669,Hard Leather Eyepatch,Vyn Dyctyve,489,1,2024-03-04T17:45:13.000Z,https://universalis.app/market/2669
2670,Cotton Scarf,Claymore Darkstone,119995,1,2024-02-28T07:04:43.000Z,https://universalis.app/market/2670
2672,Hard Leather Skullcap,Arnet Atoel,2007,1,2024-03-13T19:13:56.000Z,https://universalis.app/market/2672
2673,Bronze Celata,Bad Guy,600,1,2024-03-07T00:35:20.000Z,https://universalis.app/market/2673
2675,Ash Mask,Zano Mcgee,2000,1,2024-02-18T06:00:17.000Z,https://universalis.app/market/2675
2677,Hunting Hat,Leche Flann,526,1,2024-02-21T05:59:47.000Z,https://universalis.app/market/2677
2680,Decorated Bronze Barbut,Be Bop,10000,1,2024-03-09T09:48:58.000Z,https://universalis.app/market/2680
2685,Brass Circlet (Sunstone),Bim Danglefield,3975,1,2024-02-21T00:38:45.000Z,https://universalis.app/market/2685
5169,Sunstone,Azena Hatasashi,780,1,2024-03-07T21:11:25.000Z,https://universalis.app/market/5169
2687,Brass Circlet (Danburite),Astray Eclipse,25000,1,2024-02-25T00:01:49.000Z,https://universalis.app/market/2687
5170,Danburite,Hina Katsura,211,8,2024-03-05T15:29:47.000Z,https://universalis.app/market/5170
2689,Brass Circlet (Malachite),Bjorn Golmarr,307,1,2024-03-03T12:06:53.000Z,https://universalis.app/market/2689
5171,Malachite,Eogan Bruvvins,1000,8,2024-02-19T17:23:05.000Z,https://universalis.app/market/5171
2691,Brass Circlet (Sphene),Schramm Walker,1000,1,2024-02-23T02:25:49.000Z,https://universalis.app/market/2691
5172,Sphene,Zacharius Saerion,290,2,2024-02-17T20:02:54.000Z,https://universalis.app/market/5172
2693,Brass Circlet (Fluorite),Kinn Ley,908,1,2024-02-24T15:23:47.000Z,https://universalis.app/market/2693
5173,Fluorite,Maid Bot,70,81,2024-02-17T20:04:11.000Z,https://universalis.app/market/5173
2695,Brass Circlet (Lapis Lazuli),Rin Azzy,200,1,2024-02-22T23:54:38.000Z,https://universalis.app/market/2695
5174,Lapis Lazuli,Ovan Shimiya,15000,2,2024-03-03T22:34:25.000Z,https://universalis.app/market/5174
2697,Goatskin Pot Helm,Bim Danglefield,6000,1,2024-02-19T19:53:51.000Z,https://universalis.app/market/2697
2699,Cotton Coif,Kantzu Gragoor,5010,1,2024-02-19T13:27:19.000Z,https://universalis.app/market/2699
2700,Cotton Coif of Gathering,Dorfstance Lil'pants,25000,1,2024-03-13T14:13:15.000Z,https://universalis.app/market/2700
2703,Ash Mask (Lapis Lazuli),Astray Eclipse,15000,1,2024-02-19T21:24:46.000Z,https://universalis.app/market/2703
2708,Iron Sallet,Galin Malin,800,1,2024-03-06T02:53:36.000Z,https://universalis.app/market/2708
2710,Goatskin Eyepatch,Astray Eclipse,5000,1,2024-02-19T17:25:06.000Z,https://universalis.app/market/2710
2712,Iron Celata,Schramm Walker,35000,1,2024-02-24T22:54:29.000Z,https://universalis.app/market/2712
5082,Iron Rings,Jay Gonzo,500,8,2024-02-29T18:43:50.000Z,https://universalis.app/market/5082
2714,Initiate's Headgear,Oliphae Stormwind,50000,1,2024-03-01T01:04:08.000Z,https://universalis.app/market/2714
2719,Cotton Sugarloaf Hat,Wubby Boo,50000000,1,2024-02-28T07:42:22.000Z,https://universalis.app/market/2719
2723,Iron Elmo,Steevon Dejiki,50000,1,2024-02-25T02:22:22.000Z,https://universalis.app/market/2723
2725,Reinforced Iron Sallet,Khloe Kisne,50000,1,2024-02-24T00:35:28.000Z,https://universalis.app/market/2725
2727,Velveteen Bandana,Darkest Rose,25500,1,2024-03-05T07:07:50.000Z,https://universalis.app/market/2727
2728,Silver Spectacles,Maya Lyr,40000,1,2024-03-15T11:49:00.000Z,https://universalis.app/market/2728
2729,Velveteen Turban,Sadie Mistwalker,19000,1,2024-02-23T22:21:52.000Z,https://universalis.app/market/2729
2731,Silver Magnifiers,Fin Dei-ijla,10000,1,2024-03-13T07:58:10.000Z,https://universalis.app/market/2731
2733,Velveteen Wedge Cap of Crafting,Solaara Windynn,10499,1,2024-03-05T09:44:18.000Z,https://universalis.app/market/2733
2734,Velveteen Wedge Cap of Gathering,Riven Zatoshi,35019,1,2024-02-29T04:20:41.000Z,https://universalis.app/market/2734
2735,Silver Circlet (Garnet),Notion Rain,50000000,1,2024-02-26T00:25:01.000Z,https://universalis.app/market/2735
5175,Garnet,Silas Othemaas,1052,2,2024-02-21T14:46:21.000Z,https://universalis.app/market/5175
2737,Silver Circlet (Goshenite),Skrully Matsuyama,30000,1,2024-02-23T01:27:01.000Z,https://universalis.app/market/2737
5176,Goshenite,Vasella Ontagini,899,1,2024-02-28T23:01:37.000Z,https://universalis.app/market/5176
2739,Silver Circlet (Peridot),Fabien Lebarde,24000,1,2024-03-12T12:54:43.000Z,https://universalis.app/market/2739
5177,Peridot,Karasu Grimtalon,450,2,2024-02-18T22:38:52.000Z,https://universalis.app/market/5177
2741,Silver Circlet (Heliodor),Generic Catguyrl,5000,1,2024-02-18T15:01:31.000Z,https://universalis.app/market/2741
5178,Heliodor,Oyuun Sagahl,350,3,2024-03-14T21:17:49.000Z,https://universalis.app/market/5178
2743,Silver Circlet (Amethyst),Tzuki Naomi,10000,1,2024-02-22T13:14:44.000Z,https://universalis.app/market/2743
5179,Amethyst,Mjara Rose,600,2,2024-02-24T22:25:34.000Z,https://universalis.app/market/5179
2745,Silver Circlet (Aquamarine),Arc Wind,25000,1,2024-03-11T01:51:40.000Z,https://universalis.app/market/2745
5180,Aquamarine,Shin Bye,200,1,2024-03-02T03:10:31.000Z,https://universalis.app/market/5180
2750,Velveteen Beret,Hit N'run,19999,1,2024-02-18T16:13:30.000Z,https://universalis.app/market/2750
5343,Cotton Boll,Davyn Rothford,1000,25,2024-02-19T02:30:54.000Z,https://universalis.app/market/5343
5355,Dodo Feather,Xau Relanah,30000,67,2024-03-08T02:08:38.000Z,https://universalis.app/market/5355
2753,Steel Sallet,Shirojishi Suuuun,39999,1,2024-02-17T04:20:59.000Z,https://universalis.app/market/2753
2755,Steel Celata,Aiden Haze,13000,1,2024-02-21T03:50:15.000Z,https://universalis.app/market/2755
2757,Vintage Celata,Rigby Pantoja,34999,1,2024-02-26T01:49:23.000Z,https://universalis.app/market/2757
2667,Dented Celata,Map Lock,1000,1,2024-02-25T00:19:00.000Z,https://universalis.app/market/2667
2758,Steel Goggles,Nami Rae,35500,1,2024-02-23T05:10:48.000Z,https://universalis.app/market/2758
2763,Velveteen Sugarloaf Hat,Azathiel Claywork,50031,1,2024-02-27T14:23:12.000Z,https://universalis.app/market/2763
2765,Steel Elmo,Lexi Scout,70000,1,2024-02-19T17:13:32.000Z,https://universalis.app/market/2765
2767,Skull Eyepatch,Kotaro Amon,29930,1,2024-02-20T06:05:53.000Z,https://universalis.app/market/2767
2769,Mythril Magnifiers,Y'uumi Norra,23000,1,2024-03-13T04:31:42.000Z,https://universalis.app/market/2769
2774,Mythril Spectacles,Tuan Nguyen,20047,1,2024-03-13T14:44:37.000Z,https://universalis.app/market/2774
2776,Linen Turban,Syrenead Huin,25000,1,2024-03-06T00:26:10.000Z,https://universalis.app/market/2776
2778,Angler's Hat,Snow Ash,80037,1,2024-02-29T12:02:22.000Z,https://universalis.app/market/2778
2779,Linen Hat,Hoban Washburne,70000,1,2024-03-09T22:38:42.000Z,https://universalis.app/market/2779
2785,Vintage Chef's Hat,French Onion-dip,24500,1,2024-02-29T12:23:43.000Z,https://universalis.app/market/2785
2657,Ripped Chef's Hat,Lenara Ashonne,1500,1,2024-02-19T19:27:53.000Z,https://universalis.app/market/2657
2786,Steel Barbut,Sadie Mistwalker,20000,1,2024-02-25T00:22:24.000Z,https://universalis.app/market/2786
2788,Boarskin Pot Helm,Ophelie Primerain,60040,1,2024-03-01T21:35:32.000Z,https://universalis.app/market/2788
2790,Mythril Circlet (Rubellite),Lunafreyaa Noxfleuret,40898,1,2024-03-01T00:24:42.000Z,https://universalis.app/market/2790
5181,Rubellite,Lucio Dossantos,2000,1,2024-03-08T22:44:14.000Z,https://universalis.app/market/5181
2792,Mythril Circlet (Zircon),Imagine Stars,25000,1,2024-02-24T16:34:42.000Z,https://universalis.app/market/2792
5182,Zircon,Aedric Smithy,1000,1,2024-02-26T15:32:55.000Z,https://universalis.app/market/5182
2794,Mythril Circlet (Tourmaline),Free Boulder,30041,1,2024-02-18T05:39:31.000Z,https://universalis.app/market/2794
2796,Mythril Circlet (Amber),Maiden Heaven,19999,1,2024-02-24T19:21:41.000Z,https://universalis.app/market/2796
5184,Amber,Shin Bye,4000,1,2024-03-02T03:10:55.000Z,https://universalis.app/market/5184
2798,Mythril Circlet (Spinel),Blitz Creech,44990,1,2024-02-24T20:22:53.000Z,https://universalis.app/market/2798
5185,Spinel,Ozwyn Murciel,1000,1,2024-02-28T02:24:11.000Z,https://universalis.app/market/5185
2800,Mythril Circlet (Turquoise),Nambi Ferrara,1000,1,2024-02-21T07:44:27.000Z,https://universalis.app/market/2800
5186,Turquoise,Map Lock,1000,2,2024-02-25T18:24:31.000Z,https://universalis.app/market/5186
2802,Mythril Elmo,Caffeine Central,100041,1,2024-02-29T07:46:32.000Z,https://universalis.app/market/2802
2804,Linen Wedge Cap of Crafting,Lemon Crisp,7000,1,2024-02-17T21:10:22.000Z,https://universalis.app/market/2804
2805,Linen Wedge Cap of Gathering,Smug Tsumugi,8040,1,2024-02-24T02:03:49.000Z,https://universalis.app/market/2805
2806,Woolen Coif,Phenotype Lizardking,21000,1,2024-03-08T03:43:03.000Z,https://universalis.app/market/2806
5328,Undyed Woolen Cloth,S'kiya Yoru,10000,6,2024-03-08T11:25:06.000Z,https://universalis.app/market/5328
2808,Woolen Coif of Gathering,Romantic Comedy,15000,1,2024-02-19T01:47:35.000Z,https://universalis.app/market/2808
2810,Woolen Turban,Muzic Deaf,20000,1,2024-03-04T07:53:35.000Z,https://universalis.app/market/2810
2812,Mythril Celata,Z'lele Arda,25000,1,2024-03-01T05:48:55.000Z,https://universalis.app/market/2812
5089,Mythril Rings,Lord Mogsworth,2995,4,2024-02-19T00:55:23.000Z,https://universalis.app/market/5089
2814,Woolen Hat,Azathiel Claywork,50000,1,2024-02-28T13:59:14.000Z,https://universalis.app/market/2814
2816,Linen Deerstalker,Talla Dega,30000,1,2024-02-19T15:45:27.000Z,https://universalis.app/market/2816
2817,Mythril Barbut,Cerwyn Cassidy,7749,1,2024-03-03T21:25:26.000Z,https://universalis.app/market/2817
2819,Mythril Mesail,Rose Kimiko,50000,1,2024-03-11T19:54:47.000Z,https://universalis.app/market/2819
2825,Ranger's Hat,Guan Hollow,2000,1,2024-03-12T09:57:46.000Z,https://universalis.app/market/2825
2827,Mythril Chain Coif,Azie Emet,3044,1,2024-03-11T21:13:47.000Z,https://universalis.app/market/2827
2829,Woolen Beret,Yui Kurokawa,43949,1,2024-02-17T16:32:59.000Z,https://universalis.app/market/2829
5348,Apkallu Down,Irene Nyx,2000,1,2024-02-29T05:31:20.000Z,https://universalis.app/market/5348
2830,Reinforced Mythril Elmo,Perezident Owensito,48000,1,2024-02-25T13:40:52.000Z,https://universalis.app/market/2830
2832,Woolen Cavalier's Hat,Ophilia West,15000,1,2024-02-23T14:25:56.000Z,https://universalis.app/market/2832
2834,Cobalt Preserves,Modomori Ulfreign,25300,1,2024-02-19T03:46:42.000Z,https://universalis.app/market/2834
2835,Felt Coif,Sigurd Snow-hair,19999,1,2024-02-18T14:58:03.000Z,https://universalis.app/market/2835
2837,Felt Coif of Gathering,Lilly Gale,29499,1,2024-03-01T23:55:53.000Z,https://universalis.app/market/2837
2850,Cobalt Elmo,Loija Djt-gilda,20057,1,2024-03-01T10:45:59.000Z,https://universalis.app/market/2850
2852,Felt Hat,Tabius Korinthos,15000,1,2024-02-28T17:05:29.000Z,https://universalis.app/market/2852
2854,Woolen Deerstalker,Letum Imminere,35000000,1,2024-02-18T21:10:55.000Z,https://universalis.app/market/2854
2855,Vintage Jester's Cap,Takemi Tae,25000,1,2024-02-21T21:27:37.000Z,https://universalis.app/market/2855
2857,Electrum Monocle,Andrew Nullitas,33059,1,2024-03-07T10:11:02.000Z,https://universalis.app/market/2857
5087,Brass Rings,Tuan Nguyen,20,2,2024-03-13T13:52:15.000Z,https://universalis.app/market/5087
2859,Cobalt Barbut,Tyler Harper,23333,1,2024-02-27T15:49:30.000Z,https://universalis.app/market/2859
2861,Cobalt Mesail,Gc Gold,9000,1,2024-03-13T20:34:50.000Z,https://universalis.app/market/2861
2862,Raptorskin Pot Helm,Ilus O'cuill,60000,1,2024-03-05T20:28:38.000Z,https://universalis.app/market/2862
2872,Electrum Circlet (Zircon),Thilly Ducky,32000,1,2024-02-25T04:16:38.000Z,https://universalis.app/market/2872
2874,Electrum Circlet (Tourmaline),Jode Bonewits,11055,1,2024-02-22T20:56:00.000Z,https://universalis.app/market/2874
2876,Electrum Circlet (Amber),Glungis Gagoongis,33333,1,2024-03-12T17:57:51.000Z,https://universalis.app/market/2876
2878,Electrum Circlet (Spinel),Quix Silver,44444,1,2024-03-06T04:15:24.000Z,https://universalis.app/market/2878
2882,Rainmaker's Hat,Arisa Aino,30000,1,2024-02-23T23:52:07.000Z,https://universalis.app/market/2882
2884,Cobalt Chain Coif,Evelyn Stormrage,4000,1,2024-03-05T15:30:08.000Z,https://universalis.app/market/2884
5084,Cobalt Rings,Libra Halmarut,700,5,2024-03-03T19:53:28.000Z,https://universalis.app/market/5084
2886,Felt Beret,Austyn Kiwamitora,28990,1,2024-02-24T18:47:44.000Z,https://universalis.app/market/2886
2888,Vintage Coif,Kraze Norrix,35000,1,2024-02-18T19:56:47.000Z,https://universalis.app/market/2888
2759,Torn Coif,Fenrir Stormbringer,25000,1,2024-02-17T03:01:59.000Z,https://universalis.app/market/2759
2889,Cobalt Celata,Zucc Hini,2199,1,2024-02-19T09:44:20.000Z,https://universalis.app/market/2889
2891,Felt Cavalier's Hat,Niviko Elusive,49997,1,2024-02-18T20:54:46.000Z,https://universalis.app/market/2891
2893,Cobalt Sallet,Amai Yonagi,28063,1,2024-03-02T02:56:14.000Z,https://universalis.app/market/2893
2895,Patrician's Wedge Cap,Terosin Elestra,41000,1,2024-02-17T04:47:31.000Z,https://universalis.app/market/2895
2911,Militia Barbut,Sadie Mistwalker,8100,1,2024-03-01T22:20:48.000Z,https://universalis.app/market/2911
2912,Militia Armet,Xavier Nioh,3895,1,2024-03-11T23:16:57.000Z,https://universalis.app/market/2912
2913,Militia Hat,Bun Strife,1500,1,2024-02-25T08:11:11.000Z,https://universalis.app/market/2913
2915,Silver Tricorne,Star Cakes,19900,1,2024-03-12T19:03:21.000Z,https://universalis.app/market/2915
5287,Uraeus Leather,S'kiya Yoru,8000,5,2024-03-12T13:12:11.000Z,https://universalis.app/market/5287
2920,Carpenter's Hood,Isolla D'suno,9999,1,2024-03-11T03:29:32.000Z,https://universalis.app/market/2920
2921,Blacksmith's Goggles,Kerina Surfrider,20900,1,2024-02-18T18:19:51.000Z,https://universalis.app/market/2921
2922,Armorer's Visor,Sephira Nova,29999,1,2024-02-25T18:10:07.000Z,https://universalis.app/market/2922
2923,Goldsmith's Turban,Kizri Tsuki,24000,1,2024-03-04T18:48:10.000Z,https://universalis.app/market/2923
2926,Alchemist's Monocle,Chocolate Tea,22065,1,2024-02-20T11:10:13.000Z,https://universalis.app/market/2926
2927,Culinarian's Hat,Mudd Puppet,40000,1,2024-03-03T15:41:18.000Z,https://universalis.app/market/2927
2928,Hamlet Digger's Helmet,Aspen Winterfield,50000,1,2024-02-28T20:33:22.000Z,https://universalis.app/market/2928
2929,Hamlet Cutter's Hat,Lord Mogsworth,50000,1,2024-02-19T07:13:43.000Z,https://universalis.app/market/2929
2932,Rose Gold Circlet,S'kiya Yoru,4247,1,2024-03-09T15:31:14.000Z,https://universalis.app/market/2932
2931,Legionary Visor,Willowgrace Riversong,50000000,1,2024-02-28T19:43:55.000Z,https://universalis.app/market/2931
5067,Rose Gold Ingot,Drakey Dragon,805,1,2024-02-26T04:18:56.000Z,https://universalis.app/market/5067
2933,Imperial Operative Tricorne,Luutani Orben,2968,1,2024-03-04T17:27:26.000Z,https://universalis.app/market/2933
2938,Gryphonskin Bandana,Silvia Mehdre,3000,1,2024-02-17T18:43:16.000Z,https://universalis.app/market/2938
5289,Hard Hippogryph Leather,Brea Starscourge,4000,1,2024-03-13T17:23:01.000Z,https://universalis.app/market/5289
2939,Gryphonskin Hat,Twizted Rayne,1990,1,2024-03-14T14:01:16.000Z,https://universalis.app/market/2939
2940,Darksteel Chain Coif,Sadie Mistwalker,3282,1,2024-02-29T08:17:31.000Z,https://universalis.app/market/2940
5085,Darksteel Rings,Darius Murkhaven,404,16,2024-02-26T21:02:40.000Z,https://universalis.app/market/5085
2941,Vanya Hat of Casting,Mizuno Kai,9996,1,2024-03-13T22:00:44.000Z,https://universalis.app/market/2941
5577,Vanya Silk Hat Lining,Yuki Medamayaki,1666,1,2024-03-07T23:37:41.000Z,https://universalis.app/market/5577
2942,Vanya Hat of Healing,Karashi Yarashi,9192,1,2024-02-19T05:47:18.000Z,https://universalis.app/market/2942
2958,Hempen Dalmatica,Clown Chan,118000000,1,2024-03-02T16:29:23.000Z,https://universalis.app/market/2958
2959,Hempen Dalmatica of Gathering,Clown Chan,120000000,1,2024-02-27T18:39:16.000Z,https://universalis.app/market/2959
2960,Hempen Tunic,Fire Afrit,27000000,1,2024-02-23T23:58:49.000Z,https://universalis.app/market/2960
2961,Hempen Kurta,Zap Mol,10000000,1,2024-03-10T03:15:37.000Z,https://universalis.app/market/2961
2993,Company Tabard,Sonia Valerian,1300001,1,2024-02-17T18:25:50.000Z,https://universalis.app/market/2993
2996,Hempen Undershirt,Tikah'li Mevha,9000,1,2024-02-24T22:09:43.000Z,https://universalis.app/market/2996
2997,Hempen Camise,Bellatrix Snow,30000,1,2024-03-04T02:48:27.000Z,https://universalis.app/market/2997
2999,Hempen Tabard,Ryun Eirwen,15000,1,2024-03-01T02:55:59.000Z,https://universalis.app/market/2999
3000,Hempen Cowl,Shi Tsu,25000000,1,2024-02-20T23:17:21.000Z,https://universalis.app/market/3000
3001,Hempen Shepherd's Tunic,Ophelia Holsos,40000,1,2024-03-07T03:14:57.000Z,https://universalis.app/market/3001
3008,Hempen Acton,Eley Lalafeley,1600,1,2024-03-04T21:33:28.000Z,https://universalis.app/market/3008
5341,Moko Grass,Cassandra Frilaix,8900000,1,2024-03-12T19:50:41.000Z,https://universalis.app/market/5341
3010,Hempen Halfrobe,Ambrose Snow,8000,1,2024-02-29T22:29:52.000Z,https://universalis.app/market/3010
3011,Bronze Haubergeon,Pennie Hofstadter,4006,1,2024-02-18T22:36:24.000Z,https://universalis.app/market/3011
3013,Amateur's Doublet Vest,Adisa Pawstrum,25000,1,2024-02-28T04:18:05.000Z,https://universalis.app/market/3013
3014,Amateur's Kurta,Solani Vale,10000,1,2024-02-26T05:15:44.000Z,https://universalis.app/market/3014
3015,Amateur's Dalmatica,Vandal Vlad,20000,1,2024-02-28T01:41:37.000Z,https://universalis.app/market/3015
3016,Leather Jacket,Yazmin Tasir,5000,1,2024-02-19T19:48:27.000Z,https://universalis.app/market/3016
3017,Hard Leather Harness,Lauri Ylonen,3509,1,2024-03-09T07:24:25.000Z,https://universalis.app/market/3017
3018,Hempen Robe,Ciaran Camoa,10000,1,2024-02-17T16:18:00.000Z,https://universalis.app/market/3018
3019,Hempen Doublet Vest of Crafting,Naruto Vowels,5000,1,2024-02-24T14:43:41.000Z,https://universalis.app/market/3019
3020,Hempen Doublet Vest of Gathering,Friend Boat,10000,1,2024-02-28T10:23:36.000Z,https://universalis.app/market/3020
3022,Cotton Shirt,Soren Ganajai,24500,1,2024-03-01T23:59:04.000Z,https://universalis.app/market/3022
3023,Cotton Shepherd's Tunic,Elva Paradyne,34495,1,2024-03-15T05:36:14.000Z,https://universalis.app/market/3023
3024,Cotton Cowl,Ifritson Firedude,7999,1,2024-03-09T22:16:11.000Z,https://universalis.app/market/3024
3026,Bronze Cuirass,Ophilia West,750,1,2024-02-28T23:03:50.000Z,https://universalis.app/market/3026
3028,Cotton Tabard,Alt Two,14013,1,2024-03-14T02:10:13.000Z,https://universalis.app/market/3028
3036,Cotton Dalmatica,Riven Zatoshi,15015,1,2024-02-19T15:49:13.000Z,https://universalis.app/market/3036
3038,Cotton Dalmatica of Gathering,Riub Glazewind,34999,1,2024-02-20T17:23:59.000Z,https://universalis.app/market/3038
3039,Cotton Acton,Lelouch Le'meow,400000000,1,2024-02-18T15:06:30.000Z,https://universalis.app/market/3039
3041,Cotton Kurta,Apple Dumpling,72000,1,2024-02-21T01:31:08.000Z,https://universalis.app/market/3041
3045,Iron Cuirass,Bellatrix Moonchild,5000,1,2024-03-13T19:42:33.000Z,https://universalis.app/market/3045
3050,Cotton Halfrobe,Memories Eternal,50000,1,2024-02-23T02:40:52.000Z,https://universalis.app/market/3050
3052,Cotton Doublet Vest of Crafting,Edyva Starlight,50000,1,2024-02-19T18:12:11.000Z,https://universalis.app/market/3052
3053,Cotton Doublet Vest of Gathering,Velvet Ale,32000,1,2024-03-01T23:49:25.000Z,https://universalis.app/market/3053
3057,Iron Scale Mail,Steevon Dejiki,30000,1,2024-02-25T02:22:29.000Z,https://universalis.app/market/3057
3060,Cotton Trapper's Tunic,Loija Djt-gilda,4021,1,2024-02-20T06:19:01.000Z,https://universalis.app/market/3060
3062,Cotton Robe,Soft Girlfriend,65000,1,2024-02-18T02:22:05.000Z,https://universalis.app/market/3062
3064,Initiate's Doublet Vest,Loija Djt-gilda,21999,1,2024-02-22T18:01:25.000Z,https://universalis.app/market/3064
3065,Initiate's Gown,Aris Nox,12000,1,2024-02-28T22:17:59.000Z,https://universalis.app/market/3065
3066,Velveteen Shirt,Sirius Berg,60000,1,2024-02-25T01:32:36.000Z,https://universalis.app/market/3066
3068,Heavy Iron Armor,Orlandu Bunbury,4999,1,2024-03-11T07:39:01.000Z,https://universalis.app/market/3068
3076,Vintage Coatee,Kassyla Bryndo,13900,1,2024-03-09T18:44:40.000Z,https://universalis.app/market/3076
3009,Moth-eaten Coatee,Kyari Morningstar,20000000,1,2024-02-17T05:21:36.000Z,https://universalis.app/market/3009
3077,Velveteen Coatee of Crafting,Loija Djt-gilda,49899,1,2024-02-22T17:56:54.000Z,https://universalis.app/market/3077
3090,Velveteen Cowl,Snow Lilly,25000000,1,2024-03-02T22:01:11.000Z,https://universalis.app/market/3090
3092,Velveteen Coatee of Gathering,Caoimhe Quinn,20000,1,2024-03-08T18:44:10.000Z,https://universalis.app/market/3092
3096,Steel Chainmail,Z'nieri Liadona,44444,1,2024-02-27T01:21:46.000Z,https://universalis.app/market/3096
5083,Steel Rings,Val Maerion,2500,3,2024-02-23T18:55:22.000Z,https://universalis.app/market/5083
3099,Toadskin Jerkin,Default Outfit,50000000,1,2024-02-28T23:00:23.000Z,https://universalis.app/market/3099
3100,Toadskin Jacket,Shize Hilkos,49000,1,2024-02-20T19:27:21.000Z,https://universalis.app/market/3100
3102,Steel Cuirass,Lilith Diabolus,6500,1,2024-02-27T22:51:19.000Z,https://universalis.app/market/3102
3104,Velveteen Gown,Shev Akunir,67999,1,2024-03-14T21:47:38.000Z,https://universalis.app/market/3104
3105,Vintage Doublet Vest,Asuna'' Yuuki,35000,1,2024-03-04T00:08:32.000Z,https://universalis.app/market/3105
2998,Frayed Cotton Doublet Vest,Nambi Ferrara,7600,1,2024-02-21T07:44:41.000Z,https://universalis.app/market/2998
3106,Velveteen Robe,Elextri Natmi,68000,1,2024-02-19T14:44:52.000Z,https://universalis.app/market/3106
3118,Steel Scale Mail,Syrenead Huin,30000,1,2024-03-05T13:38:29.000Z,https://universalis.app/market/3118
3120,Velveteen Doublet Vest of Crafting,Mo Amazin,39999,1,2024-02-28T21:49:00.000Z,https://universalis.app/market/3120
3121,Velveteen Doublet Vest of Gathering,Asuna'' Yuuki,49950,1,2024-02-29T21:27:48.000Z,https://universalis.app/market/3121
3125,Linen Shirt,Ervosa Quantillus,29999,1,2024-03-12T04:27:26.000Z,https://universalis.app/market/3125
3127,Heavy Steel Armor,Salamander Sam,20000,1,2024-02-17T21:11:52.000Z,https://universalis.app/market/3127
3131,Linen Robe,Khorso Greyden,60062,1,2024-03-03T01:00:59.000Z,https://universalis.app/market/3131
3137,Vintage Chef's Apron,Arfur Foulkesaycke,31500,1,2024-02-25T10:17:24.000Z,https://universalis.app/market/3137
3138,Boarskin Harness,Moon Pies,35000,1,2024-03-08T13:34:48.000Z,https://universalis.app/market/3138
3140,Linen Cowl,Luutani Orben,20000,1,2024-03-03T21:55:10.000Z,https://universalis.app/market/3140
3142,Horn Scale Mail,Kastor Lastrad,33000,1,2024-02-19T16:19:24.000Z,https://universalis.app/market/3142
3144,Linen Coatee of Crafting,Naruto Vowels,65000,1,2024-03-09T15:02:28.000Z,https://universalis.app/market/3144
3145,Linen Coatee of Gathering,I'chai Tiam,15000,1,2024-03-03T02:30:38.000Z,https://universalis.app/market/3145
3146,Linen Bliaud,Seymour Darkness,75071,1,2024-03-03T05:20:51.000Z,https://universalis.app/market/3146
3147,Woolen Shirt,Hongjoongie Kim,11000,1,2024-02-29T03:17:13.000Z,https://universalis.app/market/3147
3149,Mythril Cuirass,Khorso Greyden,39000,1,2024-02-25T16:27:58.000Z,https://universalis.app/market/3149
3160,Woolen Robe,U'mai Gyo,25000,1,2024-02-20T16:03:38.000Z,https://universalis.app/market/3160
3162,Linen Smock,Niviko Elusive,30000,1,2024-02-17T01:12:34.000Z,https://universalis.app/market/3162
3163,Linen Doublet,Mirabelle Halha,14999,1,2024-02-17T15:10:34.000Z,https://universalis.app/market/3163
3164,Vintage Scale Mail,Aleph Zero,25087,1,2024-02-29T22:35:07.000Z,https://universalis.app/market/3164
3021,Blackened Scale Mail,U'mai Gyo,44500,1,2024-03-06T17:15:31.000Z,https://universalis.app/market/3021
3165,Peisteskin Harness,Niviko Elusive,25000,1,2024-02-17T01:12:00.000Z,https://universalis.app/market/3165
3172,Ranger's Tunic,Samuel Sojourner,23999,1,2024-02-19T00:16:02.000Z,https://universalis.app/market/3172
3174,Mythril Haubergeon,Ngha Jinjahl,35000,1,2024-03-08T23:26:07.000Z,https://universalis.app/market/3174
3176,Woolen Gown,Kocho Kanae,38888,1,2024-03-11T10:56:45.000Z,https://universalis.app/market/3176
3177,Boarskin Jerkin,Chii Chii,50000,1,2024-03-06T01:27:01.000Z,https://universalis.app/market/3177
3178,Woolen Bliaud,Athena Darkpromise,4000,1,2024-02-17T15:48:56.000Z,https://universalis.app/market/3178
3180,High Mythril Armor,Dekken Blake,11111,1,2024-03-02T06:09:55.000Z,https://universalis.app/market/3180
3182,Vintage Seneschal Coatee,Muzic Deaf,50000,1,2024-03-06T23:05:21.000Z,https://universalis.app/market/3182
3098,Moth-eaten Seneschal Coatee,Mariposa Muscadet,5000,1,2024-02-21T04:03:15.000Z,https://universalis.app/market/3098
3183,Tortoiseshell Scale Mail,Ryteor Vannes,33000,1,2024-02-18T20:16:44.000Z,https://universalis.app/market/3183
3185,Felt Robe,Zigin Zagan,25000,1,2024-02-23T10:18:38.000Z,https://universalis.app/market/3185
3187,Woolen Smock,Shirojishi Suuuun,17996,1,2024-03-06T00:52:45.000Z,https://universalis.app/market/3187
3188,Woolen Doublet,Edenian Saren,19999,1,2024-03-14T18:35:32.000Z,https://universalis.app/market/3188
3191,Raptorskin Harness,Azie Emet,25000,1,2024-03-10T09:52:27.000Z,https://universalis.app/market/3191
3193,Woolen Cowl,Jocy Lin,19097,1,2024-03-09T15:49:25.000Z,https://universalis.app/market/3193
3201,Rainmaker's Tunic,Jacob Pritchard,25000,1,2024-02-18T04:20:36.000Z,https://universalis.app/market/3201
3203,Cobalt Haubergeon,Ophelie Primerain,55555,1,2024-03-02T22:39:24.000Z,https://universalis.app/market/3203
3205,Felt Gown,Jocy Lin,20000,1,2024-03-09T15:47:00.000Z,https://universalis.app/market/3205
3206,Raptorskin Jerkin,Gummy Octopus,46999,1,2024-02-18T19:53:03.000Z,https://universalis.app/market/3206
3208,Vintage Robe,Brave Sparrow,40000,1,2024-02-24T05:22:14.000Z,https://universalis.app/market/3208
3209,Cobalt Cuirass,Zucc Hini,5500,1,2024-02-19T09:37:01.000Z,https://universalis.app/market/3209
3211,Felt Bliaud,Sakana Fish,55450,1,2024-02-29T04:47:10.000Z,https://universalis.app/market/3211
3213,Raptorskin Jacket,Oberon Yllavaris,80000,1,2024-03-05T14:38:46.000Z,https://universalis.app/market/3213
3215,Patrician's Coatee,Mudd Puppet,51000,1,2024-03-03T15:58:41.000Z,https://universalis.app/market/3215
3218,Vintage Haubergeon,Nono Zono,25001,1,2024-02-29T20:56:01.000Z,https://universalis.app/market/3218
3230,Blacksmith's Apron,Kohgith Nelan,50000,1,2024-03-02T22:01:16.000Z,https://universalis.app/market/3230
3231,Armorer's Gown,Bosco Sticc,34000,1,2024-03-02T04:29:42.000Z,https://universalis.app/market/3231
3232,Goldsmith's Doublet,Kizri Tsuki,50000,1,2024-03-04T18:47:00.000Z,https://universalis.app/market/3232
3233,Leatherworker's Shirt,Jovvi Gahjewesfv,31999,1,2024-03-10T22:31:36.000Z,https://universalis.app/market/3233
3235,Alchemist's Coat,Soundcloud Busi,69799,1,2024-02-28T05:26:35.000Z,https://universalis.app/market/3235
3237,Miner's Shirt,Lord Mogsworth,70000,1,2024-02-19T07:12:43.000Z,https://universalis.app/market/3237
3238,Botanist's Doublet,Melia Kah,69900,1,2024-02-23T23:40:04.000Z,https://universalis.app/market/3238
3239,Fisher's Shirt,Kira Habieru,50000,1,2024-02-21T02:47:50.000Z,https://universalis.app/market/3239
3240,Militia Robe,Yoko Frost,1108,1,2024-02-21T05:48:14.000Z,https://universalis.app/market/3240
3241,Militia Cuirass,Lady Necrotica,4998,1,2024-02-26T00:32:33.000Z,https://universalis.app/market/3241
3242,Militia Harness,Caspar Marat,47000,1,2024-02-22T15:22:55.000Z,https://universalis.app/market/3242
3243,Mosshorn Scale Mail,Xendris Prodrolus,25000,1,2024-03-07T07:59:48.000Z,https://universalis.app/market/3243
5437,Mossy Horn,Ulysses Suul,10000000,1,2024-02-20T01:06:03.000Z,https://universalis.app/market/5437
3244,Dodore Doublet,Esper Fox,50000,1,2024-03-11T06:36:11.000Z,https://universalis.app/market/3244
5286,Dodore Leather,Nora Gambit,2500,2,2024-02-18T10:53:53.000Z,https://universalis.app/market/5286
3249,Imperial Operative Dalmatica,Princess Athanasia,1999,1,2024-03-03T00:31:08.000Z,https://universalis.app/market/3249
3256,Heavy Darksteel Armor,Elliese Bryer,3999,1,2024-03-07T01:44:03.000Z,https://universalis.app/market/3256
5585,Darksteel Breastplate,Mura Sanatori,2800,2,2024-03-11T22:54:51.000Z,https://universalis.app/market/5585
3257,Darksteel Haubergeon,Sadie Mistwalker,2500,1,2024-03-01T22:14:06.000Z,https://universalis.app/market/3257
5105,Garlean Steel Plate,S'kiya Yoru,29999,1,2024-03-08T14:25:00.000Z,https://universalis.app/market/5105
3258,Gryphonskin Jerkin,Cele Brimbor,4900,1,2024-03-02T22:10:26.000Z,https://universalis.app/market/3258
5290,Coeurl Fur,Eisen Yogensha,150,2,2024-02-28T03:55:36.000Z,https://universalis.app/market/5290
5581,Gryphonskin Shoulder Guards,Aurora Babe,200,1,2024-02-27T11:06:09.000Z,https://universalis.app/market/5581
3259,Gryphonskin Tunic,Ellina Bean,600,1,2024-03-11T11:56:41.000Z,https://universalis.app/market/3259
5104,Garlean Steel Joint,Autumn Dusk,30000,3,2024-03-13T12:25:28.000Z,https://universalis.app/market/5104
3260,Vanya Robe of Casting,Bun Strife,2999,1,2024-02-22T06:09:58.000Z,https://universalis.app/market/3260
5578,Vanya Silk Robe Lining,Nythia Ironstone,999,2,2024-03-02T18:33:45.000Z,https://universalis.app/market/5578
3261,Vanya Robe of Healing,Karashi Yarashi,1942,1,2024-02-19T05:42:44.000Z,https://universalis.app/market/3261
3274,Hempen Breeches,Kazuto Riversong,30000,1,2024-03-09T18:11:03.000Z,https://universalis.app/market/3274
