id,name,buyerName,pricePerUnit,quantity,timestamp,universalisUrl
1602,Bronze Bastard Sword,Satomi Murasaki,5000000,1,2023-09-17T23:42:54.000Z,https://universalis.app/market/1602
2,Fire Shard,Sugino Vankeulen,150,100,2023-09-16T11:36:56.000Z,https://universalis.app/market/2
5,Earth Shard,Scruffy Beerd,70,500,2023-09-02T04:07:08.000Z,https://universalis.app/market/5
5056,Bronze Ingot,Sodapop Jam,500,3,2023-09-10T21:10:02.000Z,https://universalis.app/market/5056
5361,Maple Lumber,Lucythebates Sr,350,12,2023-09-25T21:36:14.000Z,https://universalis.app/market/5361
5432,Bone Chip,Matrim Finn,200,20,2023-09-24T17:35:02.000Z,https://universalis.app/market/5432
1603,Viking Sword,Lo'z Sukehiro,3000,1,2023-08-29T16:10:19.000Z,https://universalis.app/market/1603
5275,Leather,Faya Eryut,200,7,2023-09-02T03:36:46.000Z,https://universalis.app/market/5275
1604,Ash Macuahuitl,Creepy Doll,140000000,1,2023-09-10T22:26:51.000Z,https://universalis.app/market/1604
3,Ice Shard,Felix Lansera,175,55,2023-09-13T21:16:58.000Z,https://universalis.app/market/3
4,Wind Shard,Adsila Wolf,175,55,2023-09-07T05:04:09.000Z,https://universalis.app/market/4
5124,Obsidian,Token Eastwood,501,14,2023-08-31T22:11:09.000Z,https://universalis.app/market/5124
5364,Ash Lumber,Original Stance,2000,7,2023-09-08T07:33:02.000Z,https://universalis.app/market/5364
1605,Bronze Spatha,Rottlyn Eisner,10000,1,2023-09-12T07:33:28.000Z,https://universalis.app/market/1605
5276,Hard Leather,Lucythebates Sr,950,1,2023-09-19T03:43:32.000Z,https://universalis.app/market/5276
5434,Ram Horn,Taiga Aisaka,99,1,2023-09-05T05:41:01.000Z,https://universalis.app/market/5434
1607,Brass Bastard Sword,Ixkur Babooey,9009,1,2023-09-13T04:59:33.000Z,https://universalis.app/market/1607
5063,Brass Ingot,Pistis Lai,3000,1,2023-09-06T08:19:02.000Z,https://universalis.app/market/5063
1609,Brass Viking Sword,Max Kenobi,9899,1,2023-08-29T23:20:03.000Z,https://universalis.app/market/1609
5277,Aldgoat Leather,Gagapoki Lalapoki,4000,10,2023-09-09T02:03:15.000Z,https://universalis.app/market/5277
1611,Carnage Sword,Nepheli Loux,1912,1,2023-09-14T20:03:45.000Z,https://universalis.app/market/1611
1614,Iron Shortsword,Aichi Sendou,1916,1,2023-09-05T03:09:01.000Z,https://universalis.app/market/1614
5057,Iron Ingot,Gigi Didinaji,1002,5,2023-09-07T14:40:13.000Z,https://universalis.app/market/5057
5367,Elm Lumber,Emily Greymane,1002,1,2023-09-16T17:22:19.000Z,https://universalis.app/market/5367
1622,Iron Spatha,Laura Zaledor,9019,1,2023-08-31T00:27:19.000Z,https://universalis.app/market/1622
5435,Antelope Horn,Th'reftis Hyalenos,2848,1,2023-09-23T14:30:53.000Z,https://universalis.app/market/5435
1625,Steel Broadsword,Max Kenobi,25000,1,2023-09-03T17:15:27.000Z,https://universalis.app/market/1625
5058,Steel Ingot,Th'reftis Hyalenos,4002,1,2023-09-20T02:15:29.000Z,https://universalis.app/market/5058
5371,Walnut Lumber,Grass Cake,5000,2,2023-09-08T20:52:49.000Z,https://universalis.app/market/5371
5444,Wolf Fang,Ashe Loeld,2700,99,2023-09-22T00:29:03.000Z,https://universalis.app/market/5444
1627,Elm Macuahuitl,Ryozo Senzo,7999,1,2023-08-29T05:37:46.000Z,https://universalis.app/market/1627
1633,Steel Falchion,Reiko Rakujo,49998,1,2023-08-30T22:27:04.000Z,https://universalis.app/market/1633
5260,Siltstone Whetstone,Vayle Caligo,10000,2,2023-09-22T10:39:11.000Z,https://universalis.app/market/5260
1635,Vintage Bastard Sword,Ryozo Senzo,30000,1,2023-08-29T20:37:21.000Z,https://universalis.app/market/1635
8,Fire Crystal,Deywisvader Dark,200,20,2023-09-01T12:03:01.000Z,https://universalis.app/market/8
5259,Mudstone Whetstone,Mala'to Aerouant,601,2,2023-09-02T22:47:49.000Z,https://universalis.app/market/5259
1637,Walnut Macuahuitl,Andrew Moosen,20000,1,2023-09-18T02:24:41.000Z,https://universalis.app/market/1637
5125,Wyvern Obsidian,Vimnae Amortune,100,15,2023-09-05T15:46:25.000Z,https://universalis.app/market/5125
1639,Steel Longsword,Drefen Raexs,2041,1,2023-09-03T05:11:42.000Z,https://universalis.app/market/1639
5504,Fish Glue,Ms Eldari,1499,2,2023-09-25T17:55:31.000Z,https://universalis.app/market/5504
1642,Goblin Scimitar,Mera T'sovya,9000,1,2023-09-23T04:53:38.000Z,https://universalis.app/market/1642
1613,Blunt Goblin Scimitar,Rafi Ella,1998,1,2023-09-07T02:22:07.000Z,https://universalis.app/market/1613
1643,Mythril Broadsword,Barnabas Lasbrot,20000,1,2023-09-11T01:31:34.000Z,https://universalis.app/market/1643
5065,Mythril Ingot,Lucythebates Sr,2500,54,2023-09-20T01:50:54.000Z,https://universalis.app/market/5065
5373,Oak Lumber,Rezena Gulsimi,4000,1,2023-08-29T20:54:05.000Z,https://universalis.app/market/5373
1648,Vintage Viking Sword,Keilin Harewood,45000,1,2023-09-08T16:48:46.000Z,https://universalis.app/market/1648
11,Earth Crystal,Shuhei Kazeshini,998,200,2023-09-20T17:28:34.000Z,https://universalis.app/market/11
1616,Nicked Viking Sword,Venar Ymir,49999,1,2023-09-13T03:10:58.000Z,https://universalis.app/market/1616
1621,Blunt Goblin Longsword,Ichiko Aoba,19888,1,2023-09-05T18:08:01.000Z,https://universalis.app/market/1621
5262,Basilisk Whetstone,Lucythebates Sr,3500,10,2023-09-21T23:04:57.000Z,https://universalis.app/market/5262
1650,Plumed Oak Macuahuitl,Max Tragic,12499,1,2023-09-06T03:07:32.000Z,https://universalis.app/market/1650
5360,Wildfowl Feather,Rhell Azurmyste,8000,1,2023-08-29T19:31:10.000Z,https://universalis.app/market/5360
1657,Cobalt Katzbalger,Psykotic Storm,10000,1,2023-09-05T22:49:39.000Z,https://universalis.app/market/1657
5059,Cobalt Ingot,Cyreck Saikoro,3200,1,2023-09-18T19:16:53.000Z,https://universalis.app/market/5059
5066,Electrum Ingot,Ariana Malaki,9999,1,2023-08-29T02:13:20.000Z,https://universalis.app/market/5066
5282,Boar Leather,Luard Dragheart,3000,4,2023-09-01T22:46:35.000Z,https://universalis.app/market/5282
1659,Cobalt Shamshir,Kestla Haerfrask,50000,1,2023-09-13T19:18:08.000Z,https://universalis.app/market/1659
5436,Aldgoat Horn,Northern Lite,5000,1,2023-09-02T20:32:21.000Z,https://universalis.app/market/5436
1663,Cobalt Winglet,Barnabas Lasbrot,50000,1,2023-09-11T18:18:40.000Z,https://universalis.app/market/1663
5374,Mahogany Lumber,Cielo Le'fleur,3500,1,2023-09-05T00:34:32.000Z,https://universalis.app/market/5374
5465,Sunrise Tellin,Ravyn Thurnstone,999,3,2023-09-14T14:39:05.000Z,https://universalis.app/market/5465
5505,Horn Glue,Tyetus Rygar,10000,1,2023-09-19T15:17:39.000Z,https://universalis.app/market/5505
1666,Giantsgall Longsword,Logan Fox,19499,1,2023-09-23T19:54:23.000Z,https://universalis.app/market/1666
18,Lightning Cluster,Shinobi Dm,750,100,2023-09-22T00:14:13.000Z,https://universalis.app/market/18
19,Water Cluster,Brohnny Javo,496,100,2023-09-25T05:20:36.000Z,https://universalis.app/market/19
7620,Diluted Vitriol,Parro Ellasch,1500,1,2023-09-04T21:24:18.000Z,https://universalis.app/market/7620
1670,Aeolian Scimitar,Rumi Levkoi,99400,1,2023-09-15T01:28:02.000Z,https://universalis.app/market/1670
1636,Blunt Aeolian Scimitar,Tempest Celest,1999,1,2023-09-19T01:27:34.000Z,https://universalis.app/market/1636
5061,Darksteel Nugget,Hexhera Rayne,5000,1,2023-09-05T10:05:10.000Z,https://universalis.app/market/5061
1673,Mailbreaker,Mika Moonlight,3000,1,2023-09-13T22:51:08.000Z,https://universalis.app/market/1673
14,Fire Cluster,Nyx Severin,500,100,2023-09-13T06:52:24.000Z,https://universalis.app/market/14
17,Earth Cluster,Max Tragic,300,100,2023-09-16T07:43:16.000Z,https://universalis.app/market/17
5068,Rose Gold Nugget,Josie Exotic,19999,4,2023-09-25T05:48:36.000Z,https://universalis.app/market/5068
5288,Hippogryph Leather,Yashia Eevee,2999,4,2023-09-20T13:50:56.000Z,https://universalis.app/market/5288
5570,Mailbreaker Blade,Didri Winterset,2121,1,2023-09-12T03:51:40.000Z,https://universalis.app/market/5570
1681,Bone Hora,Grimm Noire,110000,1,2023-09-21T06:58:30.000Z,https://universalis.app/market/1681
5318,Animal Sinew,Hop Pang,1800000,1,2023-09-22T07:40:26.000Z,https://universalis.app/market/5318
1682,Leather Himantes,Naoh'li Awandah,1006,1,2023-09-16T23:47:48.000Z,https://universalis.app/market/1682
5324,Undyed Hempen Cloth,Shinobi Dm,500,3,2023-09-02T09:16:30.000Z,https://universalis.app/market/5324
1683,Ramhorn Claws,Mr Mattattack,700,1,2023-09-11T16:14:10.000Z,https://universalis.app/market/1683
1684,Bronze Knuckles,Laza Naharis,5000,1,2023-09-06T03:36:55.000Z,https://universalis.app/market/1684
1685,Hard Leather Himantes,Sylvie Hana,99,1,2023-09-10T19:14:53.000Z,https://universalis.app/market/1685
1686,Brass Knuckles,Laza Naharis,7016,1,2023-09-06T04:01:02.000Z,https://universalis.app/market/1686
1688,Goatskin Cesti,Ryss Gealson,3999,1,2023-08-30T22:30:26.000Z,https://universalis.app/market/1688
5319,Beast Sinew,Celeste Evenstar,1375,10,2023-09-18T09:46:07.000Z,https://universalis.app/market/5319
1694,Spiked Knuckles,Kimura Viellis,5026,1,2023-09-03T20:21:15.000Z,https://universalis.app/market/1694
5072,Iron Plate,Sunrise Lockhart,3000,2,2023-09-06T03:58:23.000Z,https://universalis.app/market/5072
1697,Toadskin Cesti,Lumine Stella,25500,1,2023-08-30T02:04:36.000Z,https://universalis.app/market/1697
5280,Toad Leather,Laxia Iclucia,2502,1,2023-09-08T19:45:48.000Z,https://universalis.app/market/5280
5320,Diremite Sinew,Azaelea Selidron,2001,1,2023-09-13T01:27:44.000Z,https://universalis.app/market/5320
1699,Steel Claws,Velita Anyse,10000,1,2023-09-20T05:44:06.000Z,https://universalis.app/market/1699
5073,Steel Plate,S'onder Son,3000,1,2023-09-25T06:11:32.000Z,https://universalis.app/market/5073
1706,Crabshell Hora,Drefen Raexs,15000,1,2023-09-11T04:12:26.000Z,https://universalis.app/market/1706
5321,Hippogryph Sinew,Ms Eldari,699,6,2023-09-13T11:34:39.000Z,https://universalis.app/market/5321
5456,Green Megalocrab Shell,Ms Eldari,1000,1,2023-09-18T02:51:30.000Z,https://universalis.app/market/5456
1708,Boarskin Himantes,Onyx Odyssey,10000,1,2023-08-30T23:18:01.000Z,https://universalis.app/market/1708
1711,Mythril Claws,Shu Yaru,10000,1,2023-09-23T08:55:59.000Z,https://universalis.app/market/1711
5079,Mythril Plate,Lord Xyphoos,5000,1,2023-09-22T22:42:28.000Z,https://universalis.app/market/5079
1716,Tortoiseshell Hora,Storm Avas,20000,1,2023-09-22T20:12:39.000Z,https://universalis.app/market/1716
5322,Raptor Sinew,Ms Eldari,2000,2,2023-09-18T20:48:47.000Z,https://universalis.app/market/5322
5458,Adamantoise Shell,Spllyn Iam,100,1,2023-08-30T20:05:33.000Z,https://universalis.app/market/5458
1723,Cobalt Knuckles,Lore Amicitia,30000,1,2023-09-01T02:34:55.000Z,https://universalis.app/market/1723
1728,Peisteskin Cesti,Barnabas Lasbrot,1500,1,2023-09-09T01:27:29.000Z,https://universalis.app/market/1728
5284,Peiste Leather,Tenebrae Shadowlight,2500,15,2023-09-21T01:08:41.000Z,https://universalis.app/market/5284
1732,Vintage Hora,Psykotic Storm,20000,1,2023-09-11T01:15:43.000Z,https://universalis.app/market/1732
1701,Chipped Hora,Verric Lazarus,1999,1,2023-09-13T12:41:09.000Z,https://universalis.app/market/1701
5285,Raptor Leather,Kavarion Sien,2472,1,2023-09-22T22:28:04.000Z,https://universalis.app/market/5285
1733,Cobalt Claws,Fae'min Iseterre,10000,1,2023-08-31T20:32:18.000Z,https://universalis.app/market/1733
5074,Cobalt Plate,Asmodious Soudiomsa,2500,6,2023-09-09T17:57:01.000Z,https://universalis.app/market/5074
1736,Giantsgall Claws,Howard Hamlin,2900,1,2023-09-13T21:11:51.000Z,https://universalis.app/market/1736
1740,Wildling's Cesti,Rjomi Dei-ijla,75700,1,2023-09-06T18:36:04.000Z,https://universalis.app/market/1740
10,Wind Crystal,Sajon Maignes,175,55,2023-09-13T01:10:51.000Z,https://universalis.app/market/10
5567,Bloody Cesti Covers,Nuticus Maximus,2400,1,2023-09-18T17:08:19.000Z,https://universalis.app/market/5567
1743,Avengers,Spooki Yaeger,15500,1,2023-09-12T07:30:39.000Z,https://universalis.app/market/1743
5378,Spruce Lumber,Azureus Sanguine'nox,4999,20,2023-09-17T15:43:38.000Z,https://universalis.app/market/5378
5571,Avenger Grips,Didri Winterset,2299,1,2023-09-05T02:07:06.000Z,https://universalis.app/market/5571
1750,Bronze War Axe,Tansy Katarn,500,1,2023-09-22T02:20:20.000Z,https://universalis.app/market/1750
1751,Bronze Labrys,Sur Thangman,240,1,2023-09-08T14:34:12.000Z,https://universalis.app/market/1751
1752,Cloud Axe,Leili Kouris,4850,1,2023-09-09T21:35:34.000Z,https://universalis.app/market/1752
1753,Spiked Bronze Labrys,Haela Darkrain,5000,1,2023-09-01T18:12:44.000Z,https://universalis.app/market/1753
1754,Iron War Axe,Token Eastwood,2110,1,2023-09-04T14:05:33.000Z,https://universalis.app/market/1754
1756,Iron Labrys,Rory Noire,7000,1,2023-09-20T02:40:53.000Z,https://universalis.app/market/1756
1758,Inferno Axe,Rory Noire,4519,1,2023-09-22T20:59:16.000Z,https://universalis.app/market/1758
1764,Iron Bill,Aura Eldorado,9950,1,2023-09-14T19:16:46.000Z,https://universalis.app/market/1764
4856,Clove Oil,Xavior Stone,1000,1,2023-09-09T06:42:06.000Z,https://universalis.app/market/4856
5368,Yew Lumber,Sunrise Lockhart,1000,1,2023-09-06T03:58:38.000Z,https://universalis.app/market/5368
1766,Thunderstorm Axe,Alise Ku-yunaris,7499,1,2023-08-29T14:53:23.000Z,https://universalis.app/market/1766
5064,Silver Ingot,Erin Heartwing,4000,1,2023-09-01T20:24:52.000Z,https://universalis.app/market/5064
1769,Spiked Steel Labrys,Wind-up Astrid,21000000,1,2023-09-17T23:29:16.000Z,https://universalis.app/market/1769
1776,Steel Bardiche,Callisto Pendragon,25000,1,2023-09-06T02:39:04.000Z,https://universalis.app/market/1776
5405,Yew Branch,Varik Djt-dvre,1000,1,2023-09-05T00:22:29.000Z,https://universalis.app/market/5405
1778,Steel Bhuj,Cowboy Tanaka,39999,1,2023-09-13T09:18:17.000Z,https://universalis.app/market/1778
1781,Spiked Mythril Labrys,Nimue Umiko,25000,1,2023-08-31T21:12:34.000Z,https://universalis.app/market/1781
1786,Mythril Bhuj,Kinda Chad-ngl,40000,1,2023-09-07T05:12:43.000Z,https://universalis.app/market/1786
1796,Buccaneer's Bardiche,Lore Amicitia,45000,1,2023-09-01T02:35:25.000Z,https://universalis.app/market/1796
5414,Rosewood Branch,Cember Kane,1000,5,2023-09-17T03:31:32.000Z,https://universalis.app/market/5414
1800,Vintage Bill,Yora Rofnhiru,16499,1,2023-09-15T21:11:22.000Z,https://universalis.app/market/1800
1801,Demilune Bhuj,Naomi Kusakari,105000,1,2023-09-21T00:05:24.000Z,https://universalis.app/market/1801
5196,Jadeite,Paramora Sen,1500,3,2023-09-13T05:47:53.000Z,https://universalis.app/market/5196
1803,Spiked Cobalt Labrys,Torsten Foxe,35000,1,2023-09-10T07:26:57.000Z,https://universalis.app/market/1803
5376,Rosewood Lumber,Torsten Foxe,3500,1,2023-09-03T06:24:35.000Z,https://universalis.app/market/5376
1806,Giantsgall War Axe,Quote Polarstar,2000,1,2023-09-23T19:19:43.000Z,https://universalis.app/market/1806
1810,Barbarian's Bardiche,Lux Umbra,77800,1,2023-09-01T02:41:53.000Z,https://universalis.app/market/1810
5566,Bloody Bardiche Head,Jaecheon Daesong,2713,1,2023-09-10T17:25:25.000Z,https://universalis.app/market/5566
1813,Rampager,Kiara Ceto,1999,1,2023-09-01T19:15:26.000Z,https://universalis.app/market/1813
5075,Darksteel Plate,Artesia Saeyrs,5000,6,2023-09-14T00:41:11.000Z,https://universalis.app/market/5075
5572,Rampager Head,Didri Winterset,2300,1,2023-09-05T02:07:14.000Z,https://universalis.app/market/5572
1820,Bone Harpoon,Odette Farrell,10000,1,2023-09-17T20:41:12.000Z,https://universalis.app/market/1820
5503,Animal Glue,Leili Kouris,100,1,2023-09-12T05:07:43.000Z,https://universalis.app/market/5503
1821,Bronze Spear,Elidyr Nix,8000,1,2023-09-04T06:01:42.000Z,https://universalis.app/market/1821
5482,Fish Oil,Akemiko Ishikama,200,1,2023-09-17T04:29:32.000Z,https://universalis.app/market/5482
1822,Ramhorn Harpoon,Aura Eldorado,7200,1,2023-09-07T23:16:33.000Z,https://universalis.app/market/1822
1823,Feathered Harpoon,Ishii Utatsuki,1487,1,2023-09-07T16:30:47.000Z,https://universalis.app/market/1823
5352,Crow Feather,Dumpster Munchkin,515,25,2023-09-09T04:04:35.000Z,https://universalis.app/market/5352
5433,Soiled Femur,Lucythebates Sr,99,31,2023-09-24T18:05:03.000Z,https://universalis.app/market/5433
1824,Brass Spear,Yun Kai,2000,1,2023-09-04T23:04:47.000Z,https://universalis.app/market/1824
1825,Iron Spear,Young Boreas,15000,1,2023-09-15T18:41:27.000Z,https://universalis.app/market/1825
1827,Iron Lance,Kaida Lockhart,100000,1,2023-09-05T10:56:23.000Z,https://universalis.app/market/1827
1833,Iron Guisarme,Rinni Rapport,14000,1,2023-09-16T22:40:12.000Z,https://universalis.app/market/1833
1836,Silver Battle Fork,Samuel Poe,50000,1,2023-09-14T23:05:30.000Z,https://universalis.app/market/1836
5484,Crab Oil,Panthanaea Silverwood,4750,1,2023-08-29T03:55:11.000Z,https://universalis.app/market/5484
1838,Steel Halberd,Neio Sol'eki,9500,1,2023-09-20T15:28:51.000Z,https://universalis.app/market/1838
1845,Steel Spear,Young Boreas,25000,1,2023-09-15T19:11:02.000Z,https://universalis.app/market/1845
1847,Heavy Steel Lance,Ryss Gealson,10000,1,2023-09-06T23:43:57.000Z,https://universalis.app/market/1847
1850,Yarzonshell Harpoon,Lukaon Alibaster,27071,1,2023-09-11T21:55:55.000Z,https://universalis.app/market/1850
5454,Yellow Yarzon Leg,Genbu Ushikai,1750,4,2023-09-02T23:42:06.000Z,https://universalis.app/market/5454
1855,Mythril Lance,Laura Zaledor,19999,1,2023-09-15T16:34:15.000Z,https://universalis.app/market/1855
1862,Cobalt Halberd,Shell Bells,40000,1,2023-09-10T23:15:24.000Z,https://universalis.app/market/1862
1867,Cobalt Trident,Ish't Ara'ara,5000,1,2023-09-16T12:43:56.000Z,https://universalis.app/market/1867
5486,Shark Oil,Jiluna Araxie,5002,2,2023-09-02T22:21:58.000Z,https://universalis.app/market/5486
1871,Vintage Guisarme,Wind-up Saiko,16999,1,2023-09-18T20:48:41.000Z,https://universalis.app/market/1871
9,Ice Crystal,Nazara Arazan,175,55,2023-09-10T17:35:23.000Z,https://universalis.app/market/9
1840,Crooked Guisarme,Diamond Alexander,3500,1,2023-09-08T23:18:12.000Z,https://universalis.app/market/1840
1872,Hart Guisarme,Token Eastwood,10000,1,2023-09-01T20:01:08.000Z,https://universalis.app/market/1872
1875,Giantsgall Trident,Saff Azrim,3900,1,2023-09-21T03:19:30.000Z,https://universalis.app/market/1875
7582,Mossy Stone Spear,Nora Belle,3,1,2023-09-12T23:39:15.000Z,https://universalis.app/market/7582
1879,Champion's Lance,Yuki Nonaka,99900,1,2023-09-06T09:09:46.000Z,https://universalis.app/market/1879
5565,Bloody Lance Head,Quinton Armenta,10000,1,2023-09-12T23:52:51.000Z,https://universalis.app/market/5565
1882,Obelisk,Gary Finnegan,1165,1,2023-08-29T20:10:34.000Z,https://universalis.app/market/1882
5573,Obelisk Head,Didri Winterset,2000,2,2023-09-05T02:07:20.000Z,https://universalis.app/market/5573
1891,Maple Shortbow,Sinister Shadow,10000,1,2023-09-20T23:24:20.000Z,https://universalis.app/market/1891
5333,Hempen Yarn,Jenevelle Astrael,499,1,2023-09-23T17:19:34.000Z,https://universalis.app/market/5333
1892,Maple Longbow,Sky Ice,5000,1,2023-09-09T22:55:10.000Z,https://universalis.app/market/1892
5396,Maple Branch,Im Void,250,5,2023-09-24T18:26:25.000Z,https://universalis.app/market/5396
1893,Plumed Maple Shortbow,Mira Shimono,167,1,2023-09-17T00:59:18.000Z,https://universalis.app/market/1893
5351,Cock Feather,Saylor Virelai,69000,1,2023-09-11T05:23:01.000Z,https://universalis.app/market/5351
1894,Wrapped Maple Longbow,Th'reftis Hyalenos,2000,1,2023-09-15T12:49:14.000Z,https://universalis.app/market/1894
5402,Ash Branch,Rosalee Shadowmist,600000,1,2023-09-23T23:58:39.000Z,https://universalis.app/market/5402
1895,Ash Shortbow,Kaida Lockhart,16000,1,2023-09-05T10:56:11.000Z,https://universalis.app/market/1895
1897,Elm Longbow,Danash Fenix,500,1,2023-09-06T03:28:53.000Z,https://universalis.app/market/1897
5334,Cotton Yarn,Umari Kisne,500,38,2023-09-18T06:54:30.000Z,https://universalis.app/market/5334
1899,Elm Velocity Bow,Amunaptra Atem,2021,1,2023-08-29T11:02:37.000Z,https://universalis.app/market/1899
1905,Wrapped Elm Longbow,Gary Indiana,2500,1,2023-09-03T21:46:53.000Z,https://universalis.app/market/1905
1908,Ash Composite Bow,Brage Rage,7741,1,2023-09-09T10:17:16.000Z,https://universalis.app/market/1908
1915,Ash Cavalry Bow,Talos Aehoria,19000,1,2023-09-24T04:15:13.000Z,https://universalis.app/market/1915
5409,Oak Branch,Genbu Ushikai,739,99,2023-09-02T04:11:31.000Z,https://universalis.app/market/5409
1917,Oak Longbow,Always Sad,39999,1,2023-09-09T22:54:02.000Z,https://universalis.app/market/1917
5336,Linen Yarn,Lucien Lightborn,20000,1,2023-09-09T18:52:11.000Z,https://universalis.app/market/5336
1920,Mythril Cavalry Bow,Phos Lazuli,17680,1,2023-09-07T02:56:09.000Z,https://universalis.app/market/1920
1925,Oak Composite Bow,Mashed Purrtato,39999,1,2023-09-07T01:21:24.000Z,https://universalis.app/market/1925
1932,Cobalt Cavalry Bow,Haela Darkrain,25000,1,2023-09-15T23:15:06.000Z,https://universalis.app/market/1932
1937,Yew Longbow,Destiny Zatoshi,49700,1,2023-09-01T12:42:44.000Z,https://universalis.app/market/1937
1941,Vintage Bow,Rasic Adure,20000,1,2023-09-02T01:10:09.000Z,https://universalis.app/market/1941
1942,Crab Bow,Pugdog Hoover,49500,1,2023-09-21T17:28:41.000Z,https://universalis.app/market/1942
5462,Red Coral,Saranthia Dubrinsky,35500,1,2023-08-29T11:02:57.000Z,https://universalis.app/market/5462
1945,Giantsgall Longbow,Tiamat Byakko,15000,1,2023-09-03T06:52:54.000Z,https://universalis.app/market/1945
1949,Longarm's Composite Bow,Ra Zetzy,77190,1,2023-09-14T22:23:27.000Z,https://universalis.app/market/1949
5568,Bloody Bow Rim,Wisteria Lila,2500,1,2023-09-06T20:22:59.000Z,https://universalis.app/market/5568
1953,Sarnga,Fibi Flick,1800,1,2023-09-03T07:42:49.000Z,https://universalis.app/market/1953
15,Ice Cluster,Cynehild Westknight,44,501,2023-09-14T05:04:10.000Z,https://universalis.app/market/15
16,Wind Cluster,Rene Rodriguez,8000,15,2023-09-21T02:55:59.000Z,https://universalis.app/market/16
5574,Sarnga Limb,Didri Winterset,2100,1,2023-09-05T02:07:30.000Z,https://universalis.app/market/5574
1958,Maple Wand,Lo'z Sukehiro,10000,1,2023-08-29T16:09:26.000Z,https://universalis.app/market/1958
6,Lightning Shard,Jonathas Carver,175,55,2023-09-10T01:30:49.000Z,https://universalis.app/market/6
7,Water Shard,Ms Eldari,175,55,2023-09-20T16:47:49.000Z,https://universalis.app/market/7
5470,Growth Formula Alpha,Erebus Astoroth,802,12,2023-09-12T20:20:43.000Z,https://universalis.app/market/5470
1959,Whispering Maple Wand,Elidyr Nix,18500,1,2023-09-07T23:57:08.000Z,https://universalis.app/market/1959
1960,Budding Maple Wand,Aura Eldorado,18500,1,2023-09-08T22:03:35.000Z,https://universalis.app/market/1960
5492,Beastkin Blood,Escondor Caligo,310000,1,2023-09-20T17:12:17.000Z,https://universalis.app/market/5492
1961,Ash Wand,Shizuko Sakura,999,1,2023-09-04T08:43:58.000Z,https://universalis.app/market/1961
5471,Growth Formula Beta,Leili Kouris,3400,1,2023-09-15T21:38:09.000Z,https://universalis.app/market/5471
1963,Budding Ash Wand,Juicy Iryut,10015,1,2023-09-04T12:16:16.000Z,https://universalis.app/market/1963
1965,Whispering Ash Wand,Samuel Poe,1324,1,2023-09-20T05:02:28.000Z,https://universalis.app/market/1965
5493,Scalekin Blood,Penguin Tree,1500,10,2023-09-25T04:51:28.000Z,https://universalis.app/market/5493
1967,Yew Wand,Juicy Iryut,5000,1,2023-09-19T01:01:25.000Z,https://universalis.app/market/1967
1969,Budding Yew Wand,Naomi Kusakari,29999,1,2023-09-11T01:06:52.000Z,https://universalis.app/market/1969
1971,Budding Oak Wand,Littlelala Foofoo,25500,1,2023-09-01T23:45:33.000Z,https://universalis.app/market/1971
4603,Hi-Potion of Mind,Druza Einaris,910,5,2023-09-13T05:43:42.000Z,https://universalis.app/market/4603
1974,Wand of Frost,Brage Rage,5000,1,2023-09-14T16:03:07.000Z,https://universalis.app/market/1974
5199,Eye of Ice,Xen Serenitas,5,1,2023-08-29T23:41:03.000Z,https://universalis.app/market/5199
5472,Growth Formula Gamma,Arya Templarii,4900,2,2023-09-17T02:13:07.000Z,https://universalis.app/market/5472
1976,Wand of Tremors,Nodada Yukimura,15000,1,2023-09-05T22:56:03.000Z,https://universalis.app/market/1976
5201,Eye of Earth,Khaya Khatayin,776,1,2023-09-16T20:54:28.000Z,https://universalis.app/market/5201
1978,Wand of Tides,Sena Yehn,30000,1,2023-09-04T22:04:29.000Z,https://universalis.app/market/1978
5203,Eye of Water,Ibram Fairclough,100,1,2023-09-06T20:50:54.000Z,https://universalis.app/market/5203
5198,Eye of Fire,Dag Wood,1000,2,2023-09-05T13:42:56.000Z,https://universalis.app/market/5198
1983,Wand of Gales,Fire Ashes,24887,1,2023-09-23T03:00:22.000Z,https://universalis.app/market/1983
5200,Eye of Wind,Seph Triste,250,1,2023-09-15T22:24:17.000Z,https://universalis.app/market/5200
1985,Wand of Storms,Lucythebates Sr,498,1,2023-09-15T03:39:56.000Z,https://universalis.app/market/1985
5202,Eye of Lightning,Tohru Kobayashi,20,35,2023-08-31T02:13:01.000Z,https://universalis.app/market/5202
1987,Budding Rosewood Wand,Naomi Kusakari,59999,1,2023-09-18T05:34:22.000Z,https://universalis.app/market/1987
4608,Mega-Potion of Mind,Xilia Vield,8000,1,2023-09-21T02:55:43.000Z,https://universalis.app/market/4608
5494,Spoken Blood,Penguin Tree,1990,10,2023-09-25T06:02:33.000Z,https://universalis.app/market/5494
1996,Maple Cane,Elidyr Nix,4500,1,2023-09-06T06:35:10.000Z,https://universalis.app/market/1996
1997,Maple Crook,Rory Noire,19001,1,2023-09-16T03:41:39.000Z,https://universalis.app/market/1997
1998,Ash Radical,Laza Naharis,10000,1,2023-09-06T02:09:18.000Z,https://universalis.app/market/1998
2000,Elm Cane,Lo'z Sukehiro,14995,1,2023-09-10T02:36:00.000Z,https://universalis.app/market/2000
2002,Elm Crook,Panthanaea Silverwood,90,1,2023-09-09T08:16:47.000Z,https://universalis.app/market/2002
2004,Yew Radical,Littlelala Foofoo,4019,1,2023-09-10T01:12:29.000Z,https://universalis.app/market/2004
2010,Pastoral Yew Cane,Cajole Koverlet,1499,1,2023-08-30T18:20:49.000Z,https://universalis.app/market/2010
2011,Yew Crook,Uto Yukitatu,3000,1,2023-08-30T00:26:11.000Z,https://universalis.app/market/2011
2015,Walnut Cane,Ryss Gealson,29000,1,2023-08-30T22:27:17.000Z,https://universalis.app/market/2015
2021,Plumed Yew Crook,Kurumi Dragonblood,10057,1,2023-08-29T22:44:07.000Z,https://universalis.app/market/2021
2023,Oak Radical,Ramu Silly,20000,1,2023-09-18T17:44:21.000Z,https://universalis.app/market/2023
2026,Pastoral Oak Cane,Ashlay Lightforged,2367,1,2023-08-29T04:39:35.000Z,https://universalis.app/market/2026
2030,Sprouting Rosewood Radical,Mia Tachikake,20000,1,2023-08-29T20:43:24.000Z,https://universalis.app/market/2030
2039,Jade Crook,Wax-on Wax-off,38000,1,2023-09-22T19:24:47.000Z,https://universalis.app/market/2039
2041,Vintage Cane,Vega Obscura,22000,1,2023-09-09T12:38:34.000Z,https://universalis.app/market/2041
2014,Splintered Cane,Riri Meru,1000,1,2023-09-04T01:37:49.000Z,https://universalis.app/market/2014
2044,Pastoral Mahogany Cane,Mad Charmander,4498,1,2023-09-04T20:47:15.000Z,https://universalis.app/market/2044
5335,Dew Thread,Ibram Fairclough,5000,5,2023-09-09T01:27:57.000Z,https://universalis.app/market/5335
2047,Tane Mahuta,Sabria Ancelstierre,23000,1,2023-09-06T20:19:05.000Z,https://universalis.app/market/2047
5555,Ochu Vine,Ayumi Tenshi,1400,9,2023-08-29T09:37:22.000Z,https://universalis.app/market/5555
2048,Giantsgall Cane,Koin Box,898,1,2023-09-17T11:22:00.000Z,https://universalis.app/market/2048
2049,Madman's Whispering Rod,My'la Anbolho,99199,1,2023-09-18T22:38:02.000Z,https://universalis.app/market/2049
12,Lightning Crystal,Koira Ray'okami,998,200,2023-09-18T03:21:43.000Z,https://universalis.app/market/12
13,Water Crystal,Eji Mika,175,55,2023-09-12T02:15:56.000Z,https://universalis.app/market/13
5473,Growth Formula Delta,Kizuki Mizuno,5000,2,2023-09-20T01:14:25.000Z,https://universalis.app/market/5473
5537,Thavnairian Mistletoe,Jillian Foreside,849,5,2023-08-31T03:37:34.000Z,https://universalis.app/market/5537
5547,Vampire Plant,Ms Eldari,300,4,2023-09-11T10:21:55.000Z,https://universalis.app/market/5547
2051,Alkalurops,Zerda Zane,1199,1,2023-08-29T18:41:55.000Z,https://universalis.app/market/2051
5575,Suspended Trillium Flower,Didri Winterset,2200,2,2023-09-05T02:10:55.000Z,https://universalis.app/market/5575
2056,Bone Brand,Matrim Finn,9000,1,2023-09-22T17:46:33.000Z,https://universalis.app/market/2056
5197,Marbled Eye,Feliski Spaghettini,400000,1,2023-09-13T20:40:33.000Z,https://universalis.app/market/5197
2057,Copper Scepter,Ravyn Thurnstone,300,1,2023-09-05T23:03:19.000Z,https://universalis.app/market/2057
5062,Copper Ingot,Lil Bee,150,16,2023-09-16T12:43:15.000Z,https://universalis.app/market/5062
2058,Bronze Scepter,Axan Tegu,2500,1,2023-08-29T05:01:50.000Z,https://universalis.app/market/2058
2059,Brass Cudgel,Shin Takeru,300,1,2023-09-14T23:06:48.000Z,https://universalis.app/market/2059
2061,Decorated Copper Scepter,Galwyth Apeen,20000,1,2023-09-10T06:39:10.000Z,https://universalis.app/market/2061
5258,Ragstone Whetstone,Lucythebates Sr,7002,7,2023-09-19T07:43:12.000Z,https://universalis.app/market/5258
2063,Wind Brand,Patton Thera,8015,1,2023-09-03T07:16:34.000Z,https://universalis.app/market/2063
2066,Ice Brand,Original Stance,1500,1,2023-09-09T00:55:29.000Z,https://universalis.app/market/2066
2069,Silver Scepter,Roxy Gp,999,1,2023-09-12T23:14:20.000Z,https://universalis.app/market/2069
5527,Brimstone,Roo Iam,600,10,2023-09-04T06:31:10.000Z,https://universalis.app/market/5527
2071,Earth Brand,Darth Matticus,24965,1,2023-08-29T13:20:53.000Z,https://universalis.app/market/2071
2078,Fire Brand,Keeva Rainfell,35046,1,2023-09-08T01:42:01.000Z,https://universalis.app/market/2078
2083,Lightning Brand,Lust Ul'timecia,2999,1,2023-08-31T04:26:22.000Z,https://universalis.app/market/2083
5489,Quicksilver,Patton Thera,750,12,2023-09-03T07:35:53.000Z,https://universalis.app/market/5489
2093,Vintage Cudgel,Uto Yukitatu,15000,1,2023-09-07T19:49:28.000Z,https://universalis.app/market/2093
2068,Damaged Cudgel,Rachel Strun,10000,1,2023-08-29T14:21:33.000Z,https://universalis.app/market/2068
5092,Iron Rivets,Oniki Kardama,2000,2,2023-09-06T00:41:20.000Z,https://universalis.app/market/5092
2094,Water Brand,Samuel Poe,27899,1,2023-09-22T23:08:43.000Z,https://universalis.app/market/2094
2097,Jade Scepter,Lust Ul'timecia,14976,1,2023-09-01T03:27:33.000Z,https://universalis.app/market/2097
5168,Jade,Oniki Kardama,200,3,2023-09-23T13:49:10.000Z,https://universalis.app/market/5168
5439,Ogre Horn,Ms Eldari,500,1,2023-09-18T12:54:51.000Z,https://universalis.app/market/5439
2102,Sanguine Scepter,Scruffy Beerd,90700,1,2023-09-12T04:11:30.000Z,https://universalis.app/market/2102
5206,Pinprick Pebble,Duamu Nephthys,70,1,2023-09-20T18:57:01.000Z,https://universalis.app/market/5206
2106,Bone Staff,Lo'z Sukehiro,5005,1,2023-08-31T00:10:59.000Z,https://universalis.app/market/2106
2107,Ramhorn Staff,Jerry Milkus,10000,1,2023-09-02T05:08:07.000Z,https://universalis.app/market/2107
2108,Decorated Bone Staff,Buttered Pancakes,30000,1,2023-09-22T02:49:15.000Z,https://universalis.app/market/2108
5442,Bat Fang,Nori Matsutake,95,1,2023-09-05T20:22:35.000Z,https://universalis.app/market/5442
2109,Toothed Ramhorn Staff,Hush Kahzar,10000,1,2023-09-04T19:40:24.000Z,https://universalis.app/market/2109
2111,Staghorn Staff,Themis Elidibus,10001,1,2023-09-11T15:30:33.000Z,https://universalis.app/market/2111
2116,Sanguine Horn Staff,Barnabas Cuthbert,1000,1,2023-09-20T17:40:52.000Z,https://universalis.app/market/2116
2118,Toothed Staghorn Staff,Mora Nevermore,2035,1,2023-09-03T07:42:30.000Z,https://universalis.app/market/2118
2121,Goathorn Staff,Lucian Lycangard,4000,1,2023-09-03T03:32:14.000Z,https://universalis.app/market/2121
2123,Toothed Goathorn Staff,Pella Peach,5600,1,2023-09-07T08:37:50.000Z,https://universalis.app/market/2123
2125,Horn Staff,Airi Tachibana,39999,1,2023-09-08T01:18:33.000Z,https://universalis.app/market/2125
2130,Black Horn Staff,Dekken Blake,4000,1,2023-09-09T00:23:23.000Z,https://universalis.app/market/2130
2133,Ivory Staff,Marleena Vox,69983,1,2023-09-03T07:07:31.000Z,https://universalis.app/market/2133
2136,Giantsgall Longstaff,Drawcia Lombardi,1110,1,2023-09-01T00:49:29.000Z,https://universalis.app/market/2136
2139,Astrolabe,Kianis Amariyo,1400,1,2023-09-21T22:37:24.000Z,https://universalis.app/market/2139
5576,Astrolabe Clinometer,Didrianna Winterset,2000,2,2023-08-30T01:01:34.000Z,https://universalis.app/market/5576
2143,Leather Grimoire,Sinister Shadow,5000,1,2023-09-24T00:30:15.000Z,https://universalis.app/market/2143
5380,Maple Log,Anya Lockhart,111,4,2023-09-06T12:46:58.000Z,https://universalis.app/market/5380
5475,Enchanted Copper Ink,Theodore Savage,100,1,2023-09-02T07:06:55.000Z,https://universalis.app/market/5475
2144,Maple Picatrix,Lucythebates Sr,10340,1,2023-09-13T09:26:45.000Z,https://universalis.app/market/2144
2145,Engraved Leather Grimoire,Abigail Ex,9999,1,2023-09-10T17:48:57.000Z,https://universalis.app/market/2145
5383,Ash Log,Erin Heartwing,1250,11,2023-09-04T23:06:53.000Z,https://universalis.app/market/5383
2146,Ash Picatrix,Ovan Shimiya,3000,1,2023-09-20T18:04:31.000Z,https://universalis.app/market/2146
2147,Hard Leather Grimoire,Elidyr Nix,14900,1,2023-09-18T02:58:42.000Z,https://universalis.app/market/2147
5385,Elm Log,V'yahna Falh,1000,2,2023-09-24T11:40:09.000Z,https://universalis.app/market/5385
5476,Enchanted Iron Ink,Zero Amiya,499,1,2023-09-14T20:25:28.000Z,https://universalis.app/market/5476
2149,Engraved Hard Leather Grimoire,Kiiro Tenshi,19000,1,2023-09-02T09:48:43.000Z,https://universalis.app/market/2149
5386,Yew Log,Axel Asterale,499,93,2023-09-24T04:24:06.000Z,https://universalis.app/market/5386
2151,Yew Picatrix,Cpt Puddingcup,15000,1,2023-09-18T06:19:49.000Z,https://universalis.app/market/2151
2156,Goatskin Grimoire,Samuel Poe,15000,1,2023-09-19T08:39:01.000Z,https://universalis.app/market/2156
5477,Enchanted Silver Ink,Lumina Celest,2000,1,2023-08-29T03:04:53.000Z,https://universalis.app/market/5477
2160,Engraved Goatskin Grimoire,Jiluna Araxie,1600,1,2023-09-10T22:24:22.000Z,https://universalis.app/market/2160
5388,Walnut Log,Ruze Edalgna,500,99,2023-09-19T11:35:00.000Z,https://universalis.app/market/5388
2166,Book of Silver,Lord Xyphoos,1890,1,2023-09-18T23:02:08.000Z,https://universalis.app/market/2166
5390,Oak Log,Arthrilhed Langdale,649,75,2023-09-13T21:56:50.000Z,https://universalis.app/market/5390
2169,Embossed Book of Silver,Cielle Tsurugi,9074,1,2023-09-09T23:31:18.000Z,https://universalis.app/market/2169
2174,Book of Mythril,Mashed Purrtato,12085,1,2023-09-07T01:20:48.000Z,https://universalis.app/market/2174
5346,Flax,Marzi Conejita,501,10,2023-09-05T15:05:10.000Z,https://universalis.app/market/5346
5478,Enchanted Mythril Ink,Xilia Vield,6000,5,2023-09-21T03:16:36.000Z,https://universalis.app/market/5478
2184,Vintage Picatrix,Ra Zetzy,14000,1,2023-09-18T02:18:30.000Z,https://universalis.app/market/2184
2158,Brittle Picatrix,Mekeh'zi Mhuqopi,144,1,2023-09-12T00:08:38.000Z,https://universalis.app/market/2158
2185,Book of Electrum,Lord Xyphoos,7500,1,2023-09-22T23:02:40.000Z,https://universalis.app/market/2185
5337,Woolen Yarn,Crathos Dragoon,2999,2,2023-09-22T02:31:35.000Z,https://universalis.app/market/5337
5393,Rosewood Log,Kishin Echo,400,5,2023-09-14T07:10:54.000Z,https://universalis.app/market/5393
5479,Enchanted Electrum Ink,Paine-of Void,1500,1,2023-09-23T10:01:58.000Z,https://universalis.app/market/5479
2189,Embossed Book of Electrum,Cidney Ffamran,5000,1,2023-09-17T00:14:43.000Z,https://universalis.app/market/2189
2193,Cantamina Thavnaria,Thairynn Stirling,6498,1,2023-09-03T07:50:52.000Z,https://universalis.app/market/2193
5481,Enchanted Rose Gold Ink,Rainz Bal'fyre,5000,1,2023-08-31T20:33:09.000Z,https://universalis.app/market/5481
2194,Medica Thavnaria,Chiisai Sprout,2394,1,2023-09-23T00:20:05.000Z,https://universalis.app/market/2194
7587,Faded Tome,Elliane Fallon,21,1,2023-09-10T17:01:03.000Z,https://universalis.app/market/7587
2201,Erudite's Picatrix of Healing,Ra Zetzy,99500,1,2023-09-21T04:47:07.000Z,https://universalis.app/market/2201
5480,Enchanted Gold Ink,Cirilla Shirogane,2599,1,2023-08-29T04:38:29.000Z,https://universalis.app/market/5480
5569,Bloody Grimoire Binding,Lumina Celest,10000,1,2023-09-19T01:27:52.000Z,https://universalis.app/market/5569
2202,Erudite's Picatrix of Casting,Rei'ok Feralfluid,92700,1,2023-09-08T04:09:41.000Z,https://universalis.app/market/2202
2211,Deus Ex Verbis,Takeke Take,3332,1,2023-09-06T03:23:33.000Z,https://universalis.app/market/2211
5338,Silk Thread,Lux Cooke,1000,8,2023-09-22T01:43:48.000Z,https://universalis.app/market/5338
2212,Deus Ex Gratia,Whiffing Shots,9897,1,2023-09-05T05:10:43.000Z,https://universalis.app/market/2212
2219,Square Maple Shield,Azrael Shadowflare,25000,1,2023-09-06T04:49:52.000Z,https://universalis.app/market/2219
5091,Bronze Rivets,Chris Sharkbait,1000,2,2023-09-14T21:56:44.000Z,https://universalis.app/market/5091
12524,Titanium Nugget,Lucien Lightborn,2500,5,2023-09-09T19:35:14.000Z,https://universalis.app/market/12524
12529,Titanium Rivets,Jaya Folthorne,10000,4,2023-09-09T15:29:02.000Z,https://universalis.app/market/12529
12658,Dusk Leather,Xeras Valkittar,430000,1,2023-09-13T16:21:01.000Z,https://universalis.app/market/12658
2226,Bronze Hoplon,Mahalath Bloodmoon,1500,1,2023-09-10T23:56:51.000Z,https://universalis.app/market/2226
5071,Bronze Plate,Jenevelle Astrael,5000,3,2023-09-15T21:54:40.000Z,https://universalis.app/market/5071
2228,Round Shield,Onyx Bull,6000000,1,2023-09-09T02:08:01.000Z,https://universalis.app/market/2228
2229,Leather Targe,Elidyr Nix,750,1,2023-09-11T02:02:26.000Z,https://universalis.app/market/2229
2230,Bronze Scutum,Clown Chan,500000000,1,2023-09-06T02:01:43.000Z,https://universalis.app/market/2230
2231,Bronze Buckler,Airi Tachibana,15000,1,2023-09-10T18:04:16.000Z,https://universalis.app/market/2231
2233,Square Ash Shield,Samuel Poe,10000,1,2023-09-09T22:14:17.000Z,https://universalis.app/market/2233
2236,Iron Hoplon,Shin Takeru,25000,1,2023-09-14T23:08:14.000Z,https://universalis.app/market/2236
2238,Vintage Square Shield,Dino Punch-kick,15000,1,2023-09-03T00:58:17.000Z,https://universalis.app/market/2238
2224,Worm-eaten Square Shield,Wooj Wooj,5000,1,2023-09-13T22:38:12.000Z,https://universalis.app/market/2224
4859,Cider Vinegar,Petra Sagolaris,89,25,2023-09-21T07:28:46.000Z,https://universalis.app/market/4859
2239,Ironclad Bronze Buckler,Roxy Gp,2500,1,2023-09-10T19:33:25.000Z,https://universalis.app/market/2239
2241,Iron Lantern Shield,Nazara Arazan,10000,1,2023-09-17T16:48:11.000Z,https://universalis.app/market/2241
5998,Tallow Candle,Mana Tsuwamono,2000,1,2023-09-01T02:05:40.000Z,https://universalis.app/market/5998
2242,Iron Scutum,Naomi Kusakari,1001,1,2023-09-03T22:11:07.000Z,https://universalis.app/market/2242
2244,Vintage Hoplon,Ryozo Senzo,15000,1,2023-08-29T20:37:08.000Z,https://universalis.app/market/2244
2246,Viper-crested Round Shield,Hephaestus Forge-god,35000,1,2023-08-31T17:13:45.000Z,https://universalis.app/market/2246
2248,Iron Kite Shield,Axel Syndicate,29999,1,2023-09-01T15:06:51.000Z,https://universalis.app/market/2248
2250,Goatskin Targe,Usa Aoi,4999,1,2023-09-01T22:42:39.000Z,https://universalis.app/market/2250
5093,Steel Rivets,Svydyr Fraewyn,4000,2,2023-09-22T20:14:38.000Z,https://universalis.app/market/5093
2257,Bull Hoplon,Algo Anlgo,14999,1,2023-09-15T22:18:34.000Z,https://universalis.app/market/2257
2260,Decorated Buckler,Trishana O'mogson,10021,1,2023-09-06T11:53:57.000Z,https://universalis.app/market/2260
2262,Decorated Iron Scutum,Logan Fox,26000,1,2023-09-17T22:31:05.000Z,https://universalis.app/market/2262
2268,Bladed Lantern Shield,Immaculate Degenerate,19024,1,2023-09-03T07:48:04.000Z,https://universalis.app/market/2268
2270,Raptorskin Targe,Lord Xyphoos,42000,1,2023-09-24T01:08:52.000Z,https://universalis.app/market/2270
5099,Mythril Rivets,Kurai Tsubasa,5000,10,2023-09-23T04:50:48.000Z,https://universalis.app/market/5099
2278,Vintage Scutum,Ryozo Senzo,15000,1,2023-08-29T23:06:25.000Z,https://universalis.app/market/2278
2232,Rusting Scutum,Lunelle Lavigne,8888,1,2023-09-19T05:06:12.000Z,https://universalis.app/market/2232
2279,Cobalt Scutum,Bowser Bowser,20000,1,2023-09-07T22:23:52.000Z,https://universalis.app/market/2279
5094,Cobalt Rivets,Surly Panther,4000,2,2023-09-20T20:23:44.000Z,https://universalis.app/market/5094
2287,Eagle-crested Round Shield,Lucythebates Sr,21999,1,2023-09-15T03:38:16.000Z,https://universalis.app/market/2287
5228,Ragstone,Tenshi Itik,150,20,2023-09-11T01:37:13.000Z,https://universalis.app/market/5228
5517,Lanolin,Yunga Shannara,120,1,2023-08-29T23:07:40.000Z,https://universalis.app/market/5517
2294,Kite Shield,Camie Winter,5555,1,2023-09-12T02:41:49.000Z,https://universalis.app/market/2294
2296,Cobalt Bladed Lantern Shield,Jero Ko,5035,1,2023-09-08T02:38:47.000Z,https://universalis.app/market/2296
2298,Oxblood Targe,C'tadhara Kettha,79999,1,2023-09-23T17:37:20.000Z,https://universalis.app/market/2298
2300,Vintage Kite Shield,Mia Lo,21000,1,2023-09-01T04:38:53.000Z,https://universalis.app/market/2300
2259,Scarred Kite Shield,Anner Anne,15024,1,2023-09-17T00:55:58.000Z,https://universalis.app/market/2259
2302,Darksteel Scutum,Ravyn Thurnstone,7999,1,2023-09-22T12:49:08.000Z,https://universalis.app/market/2302
5060,Darksteel Ingot,Thalendir Invictus,7000,1,2023-09-02T03:26:06.000Z,https://universalis.app/market/5060
5095,Darksteel Rivets,Jaya Folthorne,5000,99,2023-09-15T00:58:35.000Z,https://universalis.app/market/5095
2303,Darksteel Buckler,Shelly Magic,4499,1,2023-09-01T20:34:37.000Z,https://universalis.app/market/2303
2304,Spruce Round Shield,Mikhail Mikhailovich,10000,1,2023-09-01T02:01:31.000Z,https://universalis.app/market/2304
5379,Treated Spruce Lumber,Light Lorelei,15000,1,2023-08-31T04:31:08.000Z,https://universalis.app/market/5379
2315,Bronze Saw,Lucythebates Sr,5000,1,2023-09-18T22:54:53.000Z,https://universalis.app/market/2315
2316,Amateur's Saw,Dumpster Munchkin,779,1,2023-09-12T01:24:35.000Z,https://universalis.app/market/2316
2317,Chocobotail Saw,Mistress Naani,711,1,2023-08-30T23:55:37.000Z,https://universalis.app/market/2317
2318,Initiate's Saw,Bunnbun Neph,15018,1,2023-09-21T18:30:04.000Z,https://universalis.app/market/2318
2320,Iron Chocobotail Saw,Sjol Huorlwesfv,880,1,2023-09-09T11:17:54.000Z,https://universalis.app/market/2320
2321,Bas-relief Steel Saw,Wolfgang Speedwagon,4053,1,2023-09-04T19:59:30.000Z,https://universalis.app/market/2321
2322,Crosscut Saw,Ruze Edalgna,6500,1,2023-09-18T22:49:16.000Z,https://universalis.app/market/2322
2323,Mythril Saw,Yohane Yunalesca,26077,1,2023-09-16T09:31:54.000Z,https://universalis.app/market/2323
2324,Mythril Chocobotail Saw,Saltheart Foamfollow,4092,1,2023-09-07T22:32:12.000Z,https://universalis.app/market/2324
2325,Bas-relief Cobalt Saw,Arthrilhed Langdale,60110,1,2023-09-15T01:11:48.000Z,https://universalis.app/market/2325
2328,Amateur's Claw Hammer,Aura Eldorado,5,1,2023-08-31T00:37:31.000Z,https://universalis.app/market/2328
2329,Bronze Claw Hammer,Lo'z Sukehiro,5009,1,2023-08-30T04:26:17.000Z,https://universalis.app/market/2329
2331,Iron Claw Hammer,Lucythebates Sr,10020,1,2023-09-18T23:16:00.000Z,https://universalis.app/market/2331
5483,Jellyfish Humours,Pugdog Hoover,2000,1,2023-09-20T17:37:06.000Z,https://universalis.app/market/5483
2334,Steel Claw Hammer,Darth Rice,20000,1,2023-09-14T01:13:37.000Z,https://universalis.app/market/2334
2335,Wrapped Steel Claw Hammer,Yohane Yunalesca,31000,1,2023-09-16T09:32:00.000Z,https://universalis.app/market/2335
5485,Linseed Oil,Hexhera Rayne,5000,10,2023-09-14T07:20:59.000Z,https://universalis.app/market/5485
2337,Mythril Claw Hammer,Sugarbear Kookiez,16092,1,2023-09-11T21:15:55.000Z,https://universalis.app/market/2337
2338,Cobalt Claw Hammer,Kirbly Durbly,20107,1,2023-09-11T04:36:43.000Z,https://universalis.app/market/2338
2339,Militia Claw Hammer,Darth Rice,190000,1,2023-09-14T20:07:58.000Z,https://universalis.app/market/2339
2341,Bronze Cross-pein Hammer,Ysera Dei'ijla,5000,1,2023-09-02T02:15:47.000Z,https://universalis.app/market/2341
2342,Amateur's Cross-pein Hammer,Handsome- Stranger-,1000,1,2023-09-03T15:23:21.000Z,https://universalis.app/market/2342
2343,Birdsbeak Hammer,Golden Dust,511,1,2023-09-08T23:59:05.000Z,https://universalis.app/market/2343
5325,Undyed Cotton Cloth,Patton Thera,1150,11,2023-08-30T04:33:08.000Z,https://universalis.app/market/5325
2344,Iron Cross-pein Hammer,Jazz Is,7000,1,2023-09-23T01:08:02.000Z,https://universalis.app/market/2344
2345,Initiate's Cross-pein Hammer,Faedra Whiteblood,4861,1,2023-09-12T03:32:28.000Z,https://universalis.app/market/2345
2346,Crowsbeak Hammer,Navi Lou,20000,1,2023-09-08T04:34:56.000Z,https://universalis.app/market/2346
2347,Heavy Crowsbeak Hammer,Skaisier Schatten,3999,1,2023-09-12T07:36:34.000Z,https://universalis.app/market/2347
2348,Steel Cross-pein Hammer,Ryss Gealson,5899,1,2023-09-02T09:40:47.000Z,https://universalis.app/market/2348
5326,Undyed Velveteen,C'mona Rahn,4000,7,2023-08-29T14:16:13.000Z,https://universalis.app/market/5326
2349,Steel Crowsbeak Hammer,Kiran Udeki,10000,1,2023-09-17T06:05:01.000Z,https://universalis.app/market/2349
2350,Wrapped Crowsbeak Hammer,Persephone Vex,39999,1,2023-08-30T21:26:21.000Z,https://universalis.app/market/2350
2351,Cobalt Cross-pein Hammer,Sir Cujo,4400,1,2023-09-18T20:10:12.000Z,https://universalis.app/market/2351
2352,Wrapped Hawksbeak Hammer,Cyreck Saikoro,29910,1,2023-09-18T19:20:47.000Z,https://universalis.app/market/2352
2355,Amateur's File,Alphiknows Your-sins,505,1,2023-09-03T20:15:42.000Z,https://universalis.app/market/2355
2356,Bronze File,Token Eastwood,3500,1,2023-08-30T19:56:21.000Z,https://universalis.app/market/2356
2358,Iron File,Faedra Whiteblood,5000,1,2023-09-12T03:32:36.000Z,https://universalis.app/market/2358
2359,Initiate's File,Samuel Poe,20031,1,2023-09-12T05:37:37.000Z,https://universalis.app/market/2359
2361,Steel File,Nimue Umiko,70000,1,2023-08-30T18:20:50.000Z,https://universalis.app/market/2361
2363,Mythril File,Mia Tachikake,34499,1,2023-09-01T21:11:50.000Z,https://universalis.app/market/2363
2364,Cobalt File,Una Lapis,30000,1,2023-08-31T02:27:34.000Z,https://universalis.app/market/2364
2365,Militia File,Mide Mizuki,40000,1,2023-08-30T08:49:27.000Z,https://universalis.app/market/2365
2367,Bronze Doming Hammer,Niniro Kurogane,700,1,2023-09-14T09:00:27.000Z,https://universalis.app/market/2367
2368,Amateur's Doming Hammer,Agent Undercover,3009,1,2023-09-07T23:53:36.000Z,https://universalis.app/market/2368
2369,Bronze Raising Hammer,Reiko Rakujo,170,1,2023-08-30T22:44:39.000Z,https://universalis.app/market/2369
2370,Iron Doming Hammer,Token Eastwood,124,1,2023-09-05T21:30:42.000Z,https://universalis.app/market/2370
2371,Initiate's Doming Hammer,Sugarbear Kookiez,4420,1,2023-09-11T10:22:22.000Z,https://universalis.app/market/2371
2372,Iron Raising Hammer,Mickey Angelo,18998,1,2023-09-23T23:06:51.000Z,https://universalis.app/market/2372
2373,Wrapped Iron Raising Hammer,Kavarion Sien,7980,1,2023-09-13T20:16:08.000Z,https://universalis.app/market/2373
2374,Steel Doming Hammer,Mia Tachikake,11062,1,2023-09-02T00:02:19.000Z,https://universalis.app/market/2374
2375,Steel Raising Hammer,Dietrich Ostendorff,24989,1,2023-09-17T07:49:47.000Z,https://universalis.app/market/2375
2376,Cobalt Doming Hammer,Mashed Purrtato,13092,1,2023-09-07T01:20:38.000Z,https://universalis.app/market/2376
2377,Cobalt Raising Hammer,Darth Rice,110000,1,2023-09-14T20:09:29.000Z,https://universalis.app/market/2377
2380,Amateur's Pliers,Cidolfus Grimoire,505,1,2023-09-12T20:27:09.000Z,https://universalis.app/market/2380
2381,Bronze Pliers,Lucythebates Sr,99,1,2023-09-21T06:53:58.000Z,https://universalis.app/market/2381
2383,Iron Pliers,Talon Karde,10000,1,2023-09-22T03:32:42.000Z,https://universalis.app/market/2383
2384,Initiate's Pliers,Minerva Lonsdale,5000,1,2023-09-03T04:42:53.000Z,https://universalis.app/market/2384
2386,Steel Pliers,Arthrilhed Langdale,5000,1,2023-09-14T23:36:32.000Z,https://universalis.app/market/2386
2388,Mythril Pliers,Rough Unicorn,43183,1,2023-09-10T10:42:27.000Z,https://universalis.app/market/2388
2389,Cobalt Pliers,Synfae Inverno,9999,1,2023-08-30T18:59:46.000Z,https://universalis.app/market/2389
2390,Militia Pliers,Linea Aesa,23400,1,2023-09-21T15:30:33.000Z,https://universalis.app/market/2390
2392,Bronze Chaser Hammer,Ramu Silly,5000,1,2023-09-14T02:29:20.000Z,https://universalis.app/market/2392
2393,Amateur's Chaser Hammer,Nikka Megami,125,1,2023-09-07T03:06:20.000Z,https://universalis.app/market/2393
2395,Iron Chaser Hammer,Aura Eldorado,5016,1,2023-09-07T23:16:21.000Z,https://universalis.app/market/2395
2396,Initiate's Chaser Hammer,Miyamoto Musashi,5000,1,2023-09-05T08:43:10.000Z,https://universalis.app/market/2396
2397,Iron Ornamental Hammer,Greenpea Soup,30000,1,2023-09-12T20:51:15.000Z,https://universalis.app/market/2397
2398,Steel Chaser Hammer,Ruze Edalgna,10000,1,2023-09-18T19:09:53.000Z,https://universalis.app/market/2398
2399,Steel Ornamental Hammer,Bojangels Mhw,800,1,2023-09-17T00:17:09.000Z,https://universalis.app/market/2399
2400,Mythril Ornamental Hammer,Naomi Kusakari,50000,1,2023-09-16T00:03:23.000Z,https://universalis.app/market/2400
2401,Mythril Lapidary Hammer,Akuma Mir,20075,1,2023-09-12T19:10:03.000Z,https://universalis.app/market/2401
2402,Electrum Lapidary Hammer,Drefen Raexs,40000,1,2023-09-11T04:11:36.000Z,https://universalis.app/market/2402
5183,Tourmaline,Dex Incognito,900,2,2023-09-14T02:28:55.000Z,https://universalis.app/market/5183
2405,Amateur's Grinding Wheel,White Ztar,90,1,2023-09-14T17:44:49.000Z,https://universalis.app/market/2405
2406,Ragstone Grinding Wheel,Leili Kouris,10009,1,2023-09-09T21:35:23.000Z,https://universalis.app/market/2406
2408,Mudstone Grinding Wheel,Emily Greymane,15000,1,2023-09-17T19:19:15.000Z,https://universalis.app/market/2408
5229,Mudstone,Evan Escence,1000001,1,2023-08-30T23:43:03.000Z,https://universalis.app/market/5229
2409,Initiate's Grinding Wheel,Niara Everdawn,8887,1,2023-09-20T19:28:26.000Z,https://universalis.app/market/2409
2411,Siltstone Grinding Wheel,Elsie Annabel,34999,1,2023-09-03T18:09:46.000Z,https://universalis.app/market/2411
5231,Siltstone,Kishin Echo,375,10,2023-09-14T08:48:16.000Z,https://universalis.app/market/5231
2413,Garnet Grinding Wheel,Estelle Ceres,29998,1,2023-09-15T19:00:41.000Z,https://universalis.app/market/2413
5134,Raw Garnet,Aayan Relanah,601,16,2023-08-31T18:11:33.000Z,https://universalis.app/market/5134
2414,Basilisk Grinding Wheel,Potato Plato,65000,1,2023-09-25T00:18:13.000Z,https://universalis.app/market/2414
5263,Basilisk Egg,Cara Riversong,16700000,1,2023-09-09T16:15:40.000Z,https://universalis.app/market/5263
5158,Astral Rock,Northern Lite,199,2,2023-08-29T01:26:25.000Z,https://universalis.app/market/5158
2417,Bronze Head Knife,Erin Heartwing,5000,1,2023-09-04T21:02:49.000Z,https://universalis.app/market/2417
2418,Amateur's Head Knife,Aji Onishi,99,1,2023-09-15T22:11:16.000Z,https://universalis.app/market/2418
2419,Brass Head Knife,Aura Eldorado,5011,1,2023-09-04T23:57:28.000Z,https://universalis.app/market/2419
2420,Initiate's Head Knife,Niniro Kurogane,22500,1,2023-09-19T21:42:23.000Z,https://universalis.app/market/2420
2422,Iron Head Knife,Naomi Kusakari,5000,1,2023-09-03T06:18:05.000Z,https://universalis.app/market/2422
2423,Silver Head Knife,Fakhet Ragnall,4000,1,2023-09-03T13:07:13.000Z,https://universalis.app/market/2423
2424,Steel Round Knife,Ravyn Thurnstone,15500,1,2023-09-18T11:08:08.000Z,https://universalis.app/market/2424
2425,Mythril Head Knife,Airi Tachibana,6000,1,2023-09-06T17:53:18.000Z,https://universalis.app/market/2425
2426,Mythril Round Knife,Saltheart Foamfollow,7000,1,2023-09-07T23:01:02.000Z,https://universalis.app/market/2426
2427,Electrum Head Knife,Gary Indiana,65000,1,2023-09-09T18:52:36.000Z,https://universalis.app/market/2427
2430,Amateur's Awl,Elidyr Nix,505,1,2023-09-01T23:10:59.000Z,https://universalis.app/market/2430
2431,Bronze Awl,Ryoske Takahashi,1250,1,2023-09-13T19:02:29.000Z,https://universalis.app/market/2431
2433,Iron Awl,Lo'z Sukehiro,15000,1,2023-09-04T23:46:16.000Z,https://universalis.app/market/2433
2434,Initiate's Awl,Aly Non,9026,1,2023-09-06T17:06:20.000Z,https://universalis.app/market/2434
2436,Steel Awl,Greenpea Soup,20000,1,2023-09-17T21:48:21.000Z,https://universalis.app/market/2436
2437,Wrapped Steel Awl,Ravyn Thurnstone,50000,1,2023-09-18T11:08:02.000Z,https://universalis.app/market/2437
2440,Cobalt Awl,Astra Fenrir,30000,1,2023-08-30T21:37:44.000Z,https://universalis.app/market/2440
2441,Militia Awl,Ugandan Zeo,13900,1,2023-09-12T00:40:13.000Z,https://universalis.app/market/2441
2443,Copper Needle,L'oran Cehack,2500,1,2023-09-14T18:53:49.000Z,https://universalis.app/market/2443
2444,Bat Fang Needle,Aura Eldorado,1395,1,2023-09-06T23:17:36.000Z,https://universalis.app/market/2444
2445,Amateur's Needle,Nara Sky,4001,1,2023-09-13T00:04:31.000Z,https://universalis.app/market/2445
2446,Brass Needle,Akemura Shirogane,5000,1,2023-09-08T00:27:42.000Z,https://universalis.app/market/2446
2447,Initiate's Needle,Shin Takeru,9993,1,2023-09-16T23:01:23.000Z,https://universalis.app/market/2447
2448,Silver Needle,O'ndanyah Lizha,190,1,2023-09-12T22:58:19.000Z,https://universalis.app/market/2448
2449,Worm Fang Needle,Grass Cake,26800,1,2023-09-12T22:29:50.000Z,https://universalis.app/market/2449
5447,Sandworm Fang,Feliski Spaghettini,150,99,2023-09-19T22:13:31.000Z,https://universalis.app/market/5447
2450,Mythril Needle,Jaya Folthorne,400,1,2023-09-12T03:56:36.000Z,https://universalis.app/market/2450
2451,Wolf Fang Needle,Faen Lyn,18979,1,2023-09-02T23:55:57.000Z,https://universalis.app/market/2451
2452,Thousand Needle,Lucythebates Sr,15000,1,2023-09-22T09:14:20.000Z,https://universalis.app/market/2452
5468,Cactuar Needle,Lolika Matsu,899,1,2023-08-31T07:37:45.000Z,https://universalis.app/market/5468
2453,Electrum Needle,Ruze Edalgna,8888,1,2023-09-21T03:32:43.000Z,https://universalis.app/market/2453
2456,Amateur's Spinning Wheel,Night Rains,4000,1,2023-09-12T03:54:28.000Z,https://universalis.app/market/2456
2457,Ash Spinning Wheel,Lucythebates Sr,8990,1,2023-09-16T14:54:28.000Z,https://universalis.app/market/2457
2459,Initiate's Spinning Wheel,Miyamoto Musashi,1000,1,2023-09-05T08:43:54.000Z,https://universalis.app/market/2459
2460,Elm Spinning Wheel,Nexodas Duskshine,6499,1,2023-08-30T16:06:14.000Z,https://universalis.app/market/2460
2462,Walnut Spinning Wheel,Wax-on Wax-off,39999,1,2023-09-09T14:14:44.000Z,https://universalis.app/market/2462
2464,Mahogany Spinning Wheel,Kabalow Odonata,15000,1,2023-09-12T23:16:12.000Z,https://universalis.app/market/2464
2465,Rosewood Spinning Wheel,Ruze Edalgna,35555,1,2023-09-18T20:56:08.000Z,https://universalis.app/market/2465
2466,Militia Spinning Wheel,Valerie Belemne,45000,1,2023-09-15T00:26:05.000Z,https://universalis.app/market/2466
2468,Bronze Alembic,Samuel Poe,125000,1,2023-09-04T04:52:50.000Z,https://universalis.app/market/2468
2469,Amateur's Alembic,Lo'z Sukehiro,10000,1,2023-09-04T23:46:07.000Z,https://universalis.app/market/2469
2470,Brass Alembic,Jasper James,3000,1,2023-08-29T20:03:34.000Z,https://universalis.app/market/2470
2471,Initiate's Alembic,Kameko Oblivion,999,1,2023-09-23T14:51:13.000Z,https://universalis.app/market/2471
2472,Iron Alembic,Token Eastwood,826,1,2023-09-07T00:29:48.000Z,https://universalis.app/market/2472
2473,Conical Alembic,Estelle Ceres,7000,1,2023-09-24T20:06:10.000Z,https://universalis.app/market/2473
2474,Steel Alembic,Ruze Edalgna,10000,1,2023-09-18T18:31:37.000Z,https://universalis.app/market/2474
2475,Silver Alembic,Ruze Edalgna,25000,1,2023-09-08T09:59:40.000Z,https://universalis.app/market/2475
2476,Mythril Alembic,Gwen Gria,35000,1,2023-09-22T10:45:43.000Z,https://universalis.app/market/2476
2477,Electrum Alembic,Mia Tachikake,10000,1,2023-09-01T13:32:33.000Z,https://universalis.app/market/2477
2478,Thermal Alembic,Etienne Sveinsson,30000,1,2023-08-29T02:50:58.000Z,https://universalis.app/market/2478
2481,Amateur's Mortar,Re'gor Tegne,205,1,2023-09-17T20:54:31.000Z,https://universalis.app/market/2481
2482,Bronze Mortar,Rory Noire,4000,1,2023-09-16T04:04:58.000Z,https://universalis.app/market/2482
2484,Iron Mortar,Laura Zaledor,6900,1,2023-08-29T16:18:54.000Z,https://universalis.app/market/2484
2485,Initiate's Mortar,Re'gor Tegne,2019,1,2023-09-17T23:45:41.000Z,https://universalis.app/market/2485
2487,Steel Mortar,Greenpea Soup,10000,1,2023-09-21T19:20:30.000Z,https://universalis.app/market/2487
2488,Heavy Steel Mortar,Nikka Megami,3900,1,2023-09-07T03:58:11.000Z,https://universalis.app/market/2488
2490,Mythril Mortar,Drefen Raexs,20392,1,2023-09-05T02:55:40.000Z,https://universalis.app/market/2490
2491,Cobalt Mortar,Haela Darkrain,20107,1,2023-09-13T19:46:32.000Z,https://universalis.app/market/2491
2492,Militia Mortar,Kiiro Tenshi,49795,1,2023-09-02T09:14:53.000Z,https://universalis.app/market/2492
2494,Bronze Skillet,Elidyr Nix,10000,1,2023-09-09T00:38:21.000Z,https://universalis.app/market/2494
2495,Amateur's Skillet,Aura Eldorado,5000,1,2023-09-10T02:50:24.000Z,https://universalis.app/market/2495
2496,Iron Skillet,Kitsune Kurogane,11113,1,2023-09-16T03:27:51.000Z,https://universalis.app/market/2496
2497,Initiate's Skillet,Samuel Poe,10000,1,2023-09-11T05:09:03.000Z,https://universalis.app/market/2497
2498,Iron Frypan,Ishii Utatsuki,11126,1,2023-09-15T15:10:35.000Z,https://universalis.app/market/2498
2499,Bomb Frypan,Tabitha Baboya,24999,1,2023-09-03T15:10:51.000Z,https://universalis.app/market/2499
5528,Bomb Ash,Torsten Foxe,409,2,2023-09-03T00:59:54.000Z,https://universalis.app/market/5528
2500,Steel Skillet,Laura Zaledor,15000,1,2023-09-06T22:58:04.000Z,https://universalis.app/market/2500
2501,White Skillet,Callisto Pendragon,6100,1,2023-09-10T18:43:51.000Z,https://universalis.app/market/2501
2502,Steel Frypan,Kestla Haerfrask,39999,1,2023-09-14T01:29:17.000Z,https://universalis.app/market/2502
2503,Cobalt Skillet,Darth Rice,19999,1,2023-09-14T15:50:30.000Z,https://universalis.app/market/2503
2504,Hells' Kitchen,Amaretto Tort,30000,1,2023-09-16T18:21:27.000Z,https://universalis.app/market/2504
2507,Amateur's Culinary Knife,Rory Noire,4005,1,2023-09-09T01:05:23.000Z,https://universalis.app/market/2507
2508,Bronze Culinary Knife,Manuel Greenveil,5000,1,2023-09-05T13:53:30.000Z,https://universalis.app/market/2508
2510,Iron Culinary Knife,Sakura Zyveren,4019,1,2023-09-03T21:27:48.000Z,https://universalis.app/market/2510
2511,Initiate's Culinary Knife,Jasper James,5000,1,2023-09-02T03:40:52.000Z,https://universalis.app/market/2511
2514,Wrapped Steel Culinary Knife,Thane Vulpes,17866,1,2023-09-02T19:16:37.000Z,https://universalis.app/market/2514
2516,Mythril Culinary Knife,Aly Non,73497,1,2023-09-06T17:59:35.000Z,https://universalis.app/market/2516
2517,Cobalt Culinary Knife,Tohru Kobayashi,19999,1,2023-09-11T03:04:43.000Z,https://universalis.app/market/2517
2518,Militia Culinary Knife,Rasandria Heavensfall,50000,1,2023-08-29T15:22:36.000Z,https://universalis.app/market/2518
2520,Bronze Pickaxe,Mira Shimono,4111,1,2023-08-31T00:50:42.000Z,https://universalis.app/market/2520
2521,Amateur's Pickaxe,Yuber Grimgeir,5899,1,2023-09-11T20:25:15.000Z,https://universalis.app/market/2521
2522,Plumed Bronze Pickaxe,Aura Eldorado,6011,1,2023-09-06T23:17:57.000Z,https://universalis.app/market/2522
2523,Iron Pickaxe,Greenpea Soup,9000,1,2023-09-14T14:50:10.000Z,https://universalis.app/market/2523
2524,Initiate's Pickaxe,Flora Dancingheart,999,1,2023-09-03T05:21:31.000Z,https://universalis.app/market/2524
2525,Iron Dolabra,Wax-on Wax-off,30000,1,2023-09-13T18:20:34.000Z,https://universalis.app/market/2525
2526,Steel Pickaxe,Lysander Ventonitrua,5000,1,2023-09-05T22:48:45.000Z,https://universalis.app/market/2526
2527,Steel Dolabra,Primal Rend,13800,1,2023-09-07T14:12:11.000Z,https://universalis.app/market/2527
2528,Plumed Mythril Pickaxe,Drefen Raexs,30000,1,2023-09-04T04:01:25.000Z,https://universalis.app/market/2528
5327,Undyed Linen,Tyetus Rygar,2195,4,2023-09-12T02:02:09.000Z,https://universalis.app/market/5327
2529,Cobalt Dolabra,Light Lorelei,9092,1,2023-09-04T19:38:56.000Z,https://universalis.app/market/2529
2530,Egret Dolabra,Drefen Raexs,77777,1,2023-09-17T06:05:10.000Z,https://universalis.app/market/2530
2534,Bronze Sledgehammer,Ishii Utatsuki,5009,1,2023-09-07T16:31:00.000Z,https://universalis.app/market/2534
2536,Initiate's Sledgehammer,Leeja Rehw-non,10025,1,2023-09-21T07:00:52.000Z,https://universalis.app/market/2536
2537,Iron Sledgehammer,Juicy Iryut,22000,1,2023-09-24T12:07:09.000Z,https://universalis.app/market/2537
2539,Steel Sledgehammer,Ruze Edalgna,50000,1,2023-09-21T15:34:38.000Z,https://universalis.app/market/2539
2540,Wrapped Steel Sledgehammer,Angel Black,15000,1,2023-09-13T23:30:59.000Z,https://universalis.app/market/2540
2542,Mythril Sledgehammer,Colin Kenobi,29092,1,2023-09-05T03:08:42.000Z,https://universalis.app/market/2542
2543,Cobalt Sledgehammer,Masha Zolsesi,45000,1,2023-08-31T23:49:21.000Z,https://universalis.app/market/2543
2544,Militia Sledgehammer,Roselynn Wolfe,49974,1,2023-09-10T11:00:17.000Z,https://universalis.app/market/2544
2546,Bronze Hatchet,Elidyr Nix,5000,1,2023-08-30T20:31:10.000Z,https://universalis.app/market/2546
2547,Amateur's Hatchet,Juicy Iryut,17000,1,2023-09-11T05:27:20.000Z,https://universalis.app/market/2547
2548,Iron Hatchet,Rinni Rapport,19748,1,2023-09-15T18:49:50.000Z,https://universalis.app/market/2548
2549,Initiate's Hatchet,Juicy Iryut,15000,1,2023-09-22T12:27:07.000Z,https://universalis.app/market/2549
2550,Brass Hatchet,Ryss Gealson,25000,1,2023-08-29T01:48:51.000Z,https://universalis.app/market/2550
2551,Plumed Iron Hatchet,Lil Bee,50000,1,2023-09-18T10:20:42.000Z,https://universalis.app/market/2551
5359,Chocobo Feather,Nao Woatkoi,1000,1,2023-09-07T21:13:20.000Z,https://universalis.app/market/5359
2552,Steel Hatchet,White Ztar,40000,1,2023-09-08T06:09:44.000Z,https://universalis.app/market/2552
2553,Plumed Steel Hatchet,O'aka Xxiii,8000,1,2023-09-01T17:54:48.000Z,https://universalis.app/market/2553
2554,Mythril Hatchet,Scarlet Herrin,21999,1,2023-09-14T18:15:16.000Z,https://universalis.app/market/2554
2555,Cobalt Hatchet,Colin Kenobi,69420,1,2023-09-05T03:04:10.000Z,https://universalis.app/market/2555
2556,Horned Hatchet,Light Lorelei,65000,1,2023-09-10T00:01:16.000Z,https://universalis.app/market/2556
2560,Bronze Scythe,Hunteressa Herveaux,20009,1,2023-08-31T22:52:14.000Z,https://universalis.app/market/2560
2562,Iron Scythe,Miyamoto Musashi,20019,1,2023-09-05T08:47:19.000Z,https://universalis.app/market/2562
2563,Initiate's Scythe,Indrolys Zzz,20029,1,2023-09-07T15:26:10.000Z,https://universalis.app/market/2563
2565,Steel Scythe,Tabi Yuki,30000,1,2023-09-18T00:02:30.000Z,https://universalis.app/market/2565
2568,Mythril Scythe,Colin Kenobi,12000,1,2023-09-05T03:04:19.000Z,https://universalis.app/market/2568
2569,Cobalt Scythe,Anastasias Derevo,25000,1,2023-09-02T00:38:45.000Z,https://universalis.app/market/2569
2570,Militia Scythe,Ryss Gealson,49990,1,2023-09-02T08:21:35.000Z,https://universalis.app/market/2570
2572,Maple Fishing Rod,Rosalee Shadowmist,1100000,1,2023-09-06T08:04:16.000Z,https://universalis.app/market/2572
2573,Amateur's Fishing Rod,Tzuki Naomi,1111,1,2023-09-23T22:27:30.000Z,https://universalis.app/market/2573
2574,Elm Fishing Rod,Nuticus Maximus,20000,1,2023-09-19T23:26:14.000Z,https://universalis.app/market/2574
2575,Initiate's Fishing Rod,Ruze Edalgna,10000,1,2023-09-21T13:41:44.000Z,https://universalis.app/market/2575
2576,Yew Fishing Rod,Hephaestus Forge-god,28000,1,2023-09-19T19:21:58.000Z,https://universalis.app/market/2576
2577,Staghorn Fishing Rod,Laura Zaledor,24999,1,2023-09-02T23:25:31.000Z,https://universalis.app/market/2577
2578,Walnut Fishing Rod,Nodada Yukimura,30000,1,2023-09-17T20:38:36.000Z,https://universalis.app/market/2578
2579,Horn Fishing Rod,Ryss Gealson,6071,1,2023-09-08T04:32:49.000Z,https://universalis.app/market/2579
2580,Mahogany Fishing Rod,Ana Mae,50000,1,2023-09-13T17:56:07.000Z,https://universalis.app/market/2580
2581,Rosewood Fishing Rod,Meora Maar,10000,1,2023-09-14T02:31:44.000Z,https://universalis.app/market/2581
2582,Gilded Rosewood Fishing Rod,Shion Alvero,45000,1,2023-09-16T06:41:09.000Z,https://universalis.app/market/2582
2588,Crayfish Ball,Thalis Marvell,200,91,2023-08-31T19:09:31.000Z,https://universalis.app/market/2588
4825,Rye Flour,Roselyn Iris,1000,15,2023-09-17T17:57:19.000Z,https://universalis.app/market/4825
4925,Crayfish,Rory Noire,999,5,2023-09-07T01:00:29.000Z,https://universalis.app/market/4925
2589,Goby Ball,Crathos Dragoon,189,83,2023-08-30T02:39:19.000Z,https://universalis.app/market/2589
4931,Dusk Goby,Nori Matsutake,601,5,2023-09-04T18:15:29.000Z,https://universalis.app/market/4931
2593,Crab Ball,Ahksa Lhasde,100,9,2023-09-17T15:14:37.000Z,https://universalis.app/market/2593
4880,Helmet Crab,Slarti Bartfast,5000,2,2023-09-16T04:06:01.000Z,https://universalis.app/market/4880
2595,Bass Ball,Void Life,5,99,2023-09-15T18:00:41.000Z,https://universalis.app/market/2595
4826,Sunset Wheat Flour,Tummy Pain,500,8,2023-09-10T04:35:23.000Z,https://universalis.app/market/4826
4959,Dark Bass,Gato'a Mrehanoa,3000,1,2023-08-30T04:43:51.000Z,https://universalis.app/market/4959
2598,Herring Ball,Mister Wonderful,99,99,2023-09-04T12:54:40.000Z,https://universalis.app/market/2598
4895,Indigo Herring,Rialani Gernhart,1500,1,2023-09-17T21:48:34.000Z,https://universalis.app/market/4895
2610,Chocobo Fly,Hibikase Hatsune,800,1,2023-09-19T00:40:22.000Z,https://universalis.app/market/2610
2611,Floating Minnow,Tera Brandfordd,150,5,2023-09-18T21:07:46.000Z,https://universalis.app/market/2611
2612,Brass Spoon Lure,Travesty Rivia,230,6,2023-09-03T13:46:28.000Z,https://universalis.app/market/2612
2614,Crow Fly,Mini Zin,990,27,2023-09-02T06:19:09.000Z,https://universalis.app/market/2614
2615,Silver Spoon Lure,Fya D'bois,100,3,2023-09-08T00:58:18.000Z,https://universalis.app/market/2615
2616,Steel Jig,Nikka Megami,499,8,2023-09-20T04:24:01.000Z,https://universalis.app/market/2616
2617,Sinking Minnow,Soppa Naama,3000,5,2023-09-04T20:11:08.000Z,https://universalis.app/market/2617
2618,Snurble Fly,Crathos Dragoon,3000,5,2023-09-05T17:59:09.000Z,https://universalis.app/market/2618
5349,Snurble Tufts,Holy Bringer,1000,2,2023-09-07T17:28:56.000Z,https://universalis.app/market/5349
2619,Heavy Steel Jig,Ryo Marufuji,3200,5,2023-09-11T22:05:49.000Z,https://universalis.app/market/2619
2620,Spinner,A'stra Tia,5000,12,2023-09-11T09:12:31.000Z,https://universalis.app/market/2620
4900,Whitelip Oyster,Angel Kauma,2500,1,2023-09-13T18:34:24.000Z,https://universalis.app/market/4900
2622,Mythril Spoon Lure,B'raht Tia',411,10,2023-08-29T19:11:23.000Z,https://universalis.app/market/2622
2623,Wildfowl Fly,Demi Fraust,444,1,2023-09-20T05:04:42.000Z,https://universalis.app/market/2623
2624,Topwater Frog,Tana Kimura,5000,1,2023-09-07T17:45:19.000Z,https://universalis.app/market/2624
2625,Rainbow Spoon Lure,Crioni Kurogane,3988,1,2023-09-03T17:44:45.000Z,https://universalis.app/market/2625
5466,Blacklip Oyster,Elty Ranos,7000,1,2023-08-29T04:24:18.000Z,https://universalis.app/market/5466
2626,Spinnerbait,Crathos Dragoon,9997,8,2023-09-09T04:02:18.000Z,https://universalis.app/market/2626
5329,Undyed Felt,Etho Sensei,9000,1,2023-09-22T03:41:24.000Z,https://universalis.app/market/5329
2627,Streamer,Sonorous Bell,3000,5,2023-09-06T15:51:30.000Z,https://universalis.app/market/2627
2628,Yumizuno,Ezra Fyth,9014,5,2023-09-10T21:18:05.000Z,https://universalis.app/market/2628
2629,Hempen Coif,Venat Stern,25000,1,2023-09-02T21:19:04.000Z,https://universalis.app/market/2629
2630,Hempen Coif of Gathering,Pol Gara,3002,1,2023-09-12T23:59:10.000Z,https://universalis.app/market/2630
2631,Leather Calot,Narissa Skydragon,99000,1,2023-09-18T12:18:51.000Z,https://universalis.app/market/2631
12590,Ramie Cloth,Alex Weytens,9001,1,2023-09-23T23:38:42.000Z,https://universalis.app/market/12590
12595,Ramie Thread,Jero Ko,1300,1,2023-09-16T01:41:18.000Z,https://universalis.app/market/12595
2652,Hempen Bandana,Reis Leone,10000,1,2023-09-18T08:14:41.000Z,https://universalis.app/market/2652
2653,Leather Eyepatch,Odette Farrell,25000,1,2023-09-13T08:24:12.000Z,https://universalis.app/market/2653
2654,Hard Leather Pot Helm,Yumiko Imagawa,5500000,1,2023-09-14T23:26:44.000Z,https://universalis.app/market/2654
2655,Hempen Hat,Vyncent Winsome,20000,1,2023-09-04T19:47:57.000Z,https://universalis.app/market/2655
2656,Bronze Chain Coif,Eir Morn,21000000,1,2023-09-16T01:04:17.000Z,https://universalis.app/market/2656
5081,Bronze Rings,Lucythebates Sr,110,1,2023-09-21T06:29:41.000Z,https://universalis.app/market/5081
2658,Straw Hat,Laza Naharis,14000,1,2023-09-06T00:38:53.000Z,https://universalis.app/market/2658
5342,Straw,Smaug Dragon,780,99,2023-09-20T13:11:30.000Z,https://universalis.app/market/5342
2660,Amateur's Headgear,Lucythebates Sr,5000,1,2023-09-19T07:53:22.000Z,https://universalis.app/market/2660
2661,Amateur's Hempen Coif,Lust Ul'timecia,10000,1,2023-09-07T19:29:49.000Z,https://universalis.app/market/2661
2662,Bronze Sallet,Syeirra Forelight,10000,1,2023-09-13T05:36:42.000Z,https://universalis.app/market/2662
2663,Stablemaid's Hat,Sylvian Moondown,3000,1,2023-09-01T02:11:28.000Z,https://universalis.app/market/2663
5540,Carnation,Shin Takeru,51,99,2023-09-16T23:06:20.000Z,https://universalis.app/market/5540
2664,Bronze Barbut,Stevie Thomas,9999,1,2023-09-12T14:10:40.000Z,https://universalis.app/market/2664
2665,Cotton Turban,Dax Inferno,2500,1,2023-08-30T00:22:28.000Z,https://universalis.app/market/2665
2666,Stablehand's Hat,Shion Emberbloom,11000,1,2023-09-08T01:11:53.000Z,https://universalis.app/market/2666
2668,Brass Spectacles,Hyasaka Myoui,10000,1,2023-09-07T23:28:41.000Z,https://universalis.app/market/2668
5512,Clear Glass Lens,Mika Moonlight,1000,1,2023-09-17T19:08:16.000Z,https://universalis.app/market/5512
2669,Hard Leather Eyepatch,Seika Suwi,108,1,2023-09-16T19:05:32.000Z,https://universalis.app/market/2669
2670,Cotton Scarf,Monka Yesss,20000,1,2023-09-09T05:37:08.000Z,https://universalis.app/market/2670
2672,Hard Leather Skullcap,Jumbo Jimbo,10000,1,2023-09-07T13:10:47.000Z,https://universalis.app/market/2672
2673,Bronze Celata,Golden Dust,20000,1,2023-09-08T23:59:17.000Z,https://universalis.app/market/2673
2675,Ash Mask,Namu Lherra,2500,1,2023-08-30T05:30:38.000Z,https://universalis.app/market/2675
2677,Hunting Hat,Juls Kilgraven,2000,1,2023-09-14T08:36:48.000Z,https://universalis.app/market/2677
2680,Decorated Bronze Barbut,Soulcry Bellylaugh,20000,1,2023-09-03T14:04:27.000Z,https://universalis.app/market/2680
2685,Brass Circlet (Sunstone),Moon Binnie,4999,1,2023-08-30T04:54:47.000Z,https://universalis.app/market/2685
5169,Sunstone,Th'reftis Hyalenos,68,2,2023-09-18T11:27:02.000Z,https://universalis.app/market/5169
2687,Brass Circlet (Danburite),Aura Eldorado,8900,1,2023-09-07T23:15:45.000Z,https://universalis.app/market/2687
5170,Danburite,Jair Bolsonaro,600,2,2023-08-31T03:29:38.000Z,https://universalis.app/market/5170
2689,Brass Circlet (Malachite),Kavarion Sien,2010,1,2023-09-13T16:27:15.000Z,https://universalis.app/market/2689
5171,Malachite,Cherry Whiskey,4999,2,2023-08-31T19:24:10.000Z,https://universalis.app/market/5171
2691,Brass Circlet (Sphene),Niniro Kurogane,10000,1,2023-09-18T14:45:46.000Z,https://universalis.app/market/2691
5172,Sphene,Rafi Ella,250,2,2023-09-07T02:13:00.000Z,https://universalis.app/market/5172
2693,Brass Circlet (Fluorite),Laura Zaledor,850,1,2023-08-30T03:55:49.000Z,https://universalis.app/market/2693
5173,Fluorite,Saya Neko-chan,1000,2,2023-09-04T02:30:50.000Z,https://universalis.app/market/5173
2695,Brass Circlet (Lapis Lazuli),Night Rains,1199,1,2023-09-20T04:24:36.000Z,https://universalis.app/market/2695
5174,Lapis Lazuli,Asmodeus Wunderflux,799,2,2023-09-05T06:11:26.000Z,https://universalis.app/market/5174
2697,Goatskin Pot Helm,Kona Keurilin,4000,1,2023-09-12T14:06:31.000Z,https://universalis.app/market/2697
2699,Cotton Coif,Laura Zaledor,8499,1,2023-08-29T16:18:22.000Z,https://universalis.app/market/2699
2700,Cotton Coif of Gathering,Rosalee Shadowmist,600000,1,2023-09-17T06:11:36.000Z,https://universalis.app/market/2700
2703,Ash Mask (Lapis Lazuli),Leili Kouris,5000,1,2023-09-15T02:23:28.000Z,https://universalis.app/market/2703
2708,Iron Sallet,Neio Sol'eki,10000,1,2023-09-22T05:59:14.000Z,https://universalis.app/market/2708
2710,Goatskin Eyepatch,Sildarius Gautroix,6000000,1,2023-09-09T00:50:36.000Z,https://universalis.app/market/2710
2712,Iron Celata,Jen Jara,1999,1,2023-09-22T18:34:59.000Z,https://universalis.app/market/2712
5082,Iron Rings,Sunrise Lockhart,1400,13,2023-09-06T03:50:01.000Z,https://universalis.app/market/5082
2714,Initiate's Headgear,Thane Vulpes,20000,1,2023-09-01T02:34:14.000Z,https://universalis.app/market/2714
2719,Cotton Sugarloaf Hat,Farsha Xhula,3500,1,2023-09-03T23:39:39.000Z,https://universalis.app/market/2719
2723,Iron Elmo,Lady Satarel,10000,1,2023-09-05T00:58:48.000Z,https://universalis.app/market/2723
2725,Reinforced Iron Sallet,Aichi Sendou,15000,1,2023-09-05T03:09:30.000Z,https://universalis.app/market/2725
2727,Velveteen Bandana,Kana Vihrea,7250,1,2023-09-24T01:54:50.000Z,https://universalis.app/market/2727
2728,Silver Spectacles,Esso Anso,58999,1,2023-09-17T18:02:02.000Z,https://universalis.app/market/2728
2729,Velveteen Turban,Mide Mizuki,12000,1,2023-09-01T06:50:18.000Z,https://universalis.app/market/2729
2731,Silver Magnifiers,Nimue Umiko,13999,1,2023-08-30T18:21:51.000Z,https://universalis.app/market/2731
2733,Velveteen Wedge Cap of Crafting,Rory Noire,30000,1,2023-09-17T12:58:09.000Z,https://universalis.app/market/2733
2734,Velveteen Wedge Cap of Gathering,Nodada Yukimura,20000,1,2023-09-23T00:39:33.000Z,https://universalis.app/market/2734
2735,Silver Circlet (Garnet),Azami Silverlash,22500,1,2023-09-08T17:03:40.000Z,https://universalis.app/market/2735
5175,Garnet,Ori Yorha,285,1,2023-09-18T09:08:56.000Z,https://universalis.app/market/5175
2737,Silver Circlet (Goshenite),Veskault Corseaux,20000,1,2023-09-10T14:50:47.000Z,https://universalis.app/market/2737
5176,Goshenite,Kavarion Sien,105,2,2023-09-21T19:39:33.000Z,https://universalis.app/market/5176
2739,Silver Circlet (Peridot),Kona Keurilin,15000,1,2023-09-13T16:47:56.000Z,https://universalis.app/market/2739
5177,Peridot,Ophelia Gojko,200,1,2023-09-08T21:56:19.000Z,https://universalis.app/market/5177
2741,Silver Circlet (Heliodor),Natsu Otsusuki,15000,1,2023-09-14T20:39:48.000Z,https://universalis.app/market/2741
5178,Heliodor,Ms Eldari,4000,1,2023-09-19T10:43:29.000Z,https://universalis.app/market/5178
2743,Silver Circlet (Amethyst),Fakhet Ragnall,20000,1,2023-09-03T12:21:43.000Z,https://universalis.app/market/2743
5179,Amethyst,Chito Yuuri,300,2,2023-09-13T12:26:09.000Z,https://universalis.app/market/5179
2745,Silver Circlet (Aquamarine),Keaira Slater,15000,1,2023-08-31T23:03:41.000Z,https://universalis.app/market/2745
5180,Aquamarine,Akuma Mir,1000,2,2023-09-12T03:33:17.000Z,https://universalis.app/market/5180
2750,Velveteen Beret,Arthrilhed Langdale,50000,1,2023-09-14T21:35:13.000Z,https://universalis.app/market/2750
5343,Cotton Boll,Sorcha Heart,750,15,2023-08-29T12:45:39.000Z,https://universalis.app/market/5343
5355,Dodo Feather,Tiny Tots,500,1,2023-09-25T03:54:05.000Z,https://universalis.app/market/5355
2753,Steel Sallet,Raiden Musashi,39999,1,2023-08-29T01:23:35.000Z,https://universalis.app/market/2753
2755,Steel Celata,Casimir Arveh,30000,1,2023-09-14T02:03:13.000Z,https://universalis.app/market/2755
2757,Vintage Celata,Lobster Salad,20000,1,2023-09-04T07:03:41.000Z,https://universalis.app/market/2757
2758,Steel Goggles,Travesty Rivia,21021,1,2023-08-31T02:54:22.000Z,https://universalis.app/market/2758
2763,Velveteen Sugarloaf Hat,Ramu Silly,40000,1,2023-09-14T03:24:50.000Z,https://universalis.app/market/2763
2765,Steel Elmo,Alise Ku-yunaris,15000,1,2023-08-30T14:51:52.000Z,https://universalis.app/market/2765
2767,Skull Eyepatch,Madia Eclipsol,200000,1,2023-09-11T20:55:14.000Z,https://universalis.app/market/2767
2769,Mythril Magnifiers,Lady Kona,20000,1,2023-09-15T23:46:36.000Z,https://universalis.app/market/2769
2774,Mythril Spectacles,Kokomo Komo,30000,1,2023-09-17T14:29:49.000Z,https://universalis.app/market/2774
2776,Linen Turban,Maester Guado,30000,1,2023-09-15T03:11:18.000Z,https://universalis.app/market/2776
2778,Angler's Hat,Verric Lazarus,20000,1,2023-09-19T12:19:39.000Z,https://universalis.app/market/2778
2779,Linen Hat,Varose Kiendae,34999,1,2023-08-30T02:52:37.000Z,https://universalis.app/market/2779
2785,Vintage Chef's Hat,Coffee Capybara,29997,1,2023-08-31T18:23:50.000Z,https://universalis.app/market/2785
2657,Ripped Chef's Hat,Yunga Shannara,8034,1,2023-08-29T23:08:15.000Z,https://universalis.app/market/2657
2786,Steel Barbut,Ryukuzo Wintersoul,20000,1,2023-09-19T16:26:27.000Z,https://universalis.app/market/2786
2788,Boarskin Pot Helm,Raikazu Moss,15000,1,2023-09-09T15:21:13.000Z,https://universalis.app/market/2788
2790,Mythril Circlet (Rubellite),Hexhera Rayne,20000,1,2023-09-14T06:17:57.000Z,https://universalis.app/market/2790
5181,Rubellite,Few Yew,900,2,2023-09-21T03:55:15.000Z,https://universalis.app/market/5181
5182,Zircon,Darth Adriano,1000,2,2023-09-05T14:49:28.000Z,https://universalis.app/market/5182
2796,Mythril Circlet (Amber),Iris Fantasy,4795,1,2023-09-16T21:06:39.000Z,https://universalis.app/market/2796
5184,Amber,Kavarion Sien,1052,1,2023-09-23T18:01:49.000Z,https://universalis.app/market/5184
2798,Mythril Circlet (Spinel),Samuel Poe,9899,1,2023-09-22T05:14:49.000Z,https://universalis.app/market/2798
5185,Spinel,Lenus Kisaragi,1000,1,2023-09-05T22:29:15.000Z,https://universalis.app/market/5185
2800,Mythril Circlet (Turquoise),Alessia Targaryen,5500,1,2023-08-29T01:49:07.000Z,https://universalis.app/market/2800
5186,Turquoise,Achilles Cubel,100,8,2023-09-17T16:51:16.000Z,https://universalis.app/market/5186
2802,Mythril Elmo,Ryukuzo Wintersoul,23999,1,2023-09-10T22:30:14.000Z,https://universalis.app/market/2802
2804,Linen Wedge Cap of Crafting,S'ndae Kiyeh,6950,1,2023-09-18T04:48:07.000Z,https://universalis.app/market/2804
2805,Linen Wedge Cap of Gathering,King Kitty,25500,1,2023-09-18T03:22:18.000Z,https://universalis.app/market/2805
2806,Woolen Coif,Fuyu Hanako,9999,1,2023-09-16T00:43:45.000Z,https://universalis.app/market/2806
5328,Undyed Woolen Cloth,Odinel Kemp,19000,2,2023-09-13T16:10:01.000Z,https://universalis.app/market/5328
2808,Woolen Coif of Gathering,Lady Kona,11046,1,2023-09-24T12:57:42.000Z,https://universalis.app/market/2808
2810,Woolen Turban,Megumin Megumi,39000,1,2023-09-02T23:37:53.000Z,https://universalis.app/market/2810
2812,Mythril Celata,Ryozo Senzo,15000,1,2023-08-29T23:05:13.000Z,https://universalis.app/market/2812
5089,Mythril Rings,Pella Peach,3000,1,2023-09-14T01:08:02.000Z,https://universalis.app/market/5089
2814,Woolen Hat,Finn Human,29000,1,2023-08-30T13:44:47.000Z,https://universalis.app/market/2814
2816,Linen Deerstalker,Akura Shirogane,30000,1,2023-09-24T00:33:26.000Z,https://universalis.app/market/2816
2817,Mythril Barbut,Ash Brogen,24000,1,2023-09-14T02:18:54.000Z,https://universalis.app/market/2817
2819,Mythril Mesail,Mia Tachikake,35000,1,2023-08-30T23:59:09.000Z,https://universalis.app/market/2819
2825,Ranger's Hat,Miss Vanjie,19999,1,2023-09-18T15:55:36.000Z,https://universalis.app/market/2825
2827,Mythril Chain Coif,Samuel Poe,19388,1,2023-09-22T23:09:05.000Z,https://universalis.app/market/2827
2829,Woolen Beret,Lord Xyphoos,40000,1,2023-09-24T01:11:07.000Z,https://universalis.app/market/2829
5348,Apkallu Down,Astra Sun,2001,30,2023-09-14T21:26:34.000Z,https://universalis.app/market/5348
2830,Reinforced Mythril Elmo,Fireze Zacrid,49999,1,2023-08-31T04:29:43.000Z,https://universalis.app/market/2830
2832,Woolen Cavalier's Hat,Felix Ashton,19900,1,2023-09-21T05:50:30.000Z,https://universalis.app/market/2832
2834,Cobalt Preserves,Ulen Orolen,29898,1,2023-09-09T20:20:14.000Z,https://universalis.app/market/2834
2835,Felt Coif,Tahla Nelhah,10000,1,2023-09-17T01:13:17.000Z,https://universalis.app/market/2835
2837,Felt Coif of Gathering,Jykell Sega,19000,1,2023-09-09T03:02:47.000Z,https://universalis.app/market/2837
2850,Cobalt Elmo,Cherry Fuzz,7000,1,2023-09-06T04:56:52.000Z,https://universalis.app/market/2850
2852,Felt Hat,Ergene Dalamiq,30000,1,2023-09-07T18:18:03.000Z,https://universalis.app/market/2852
2854,Woolen Deerstalker,Jacks Nightmare,19999,1,2023-09-10T16:34:35.000Z,https://universalis.app/market/2854
2855,Vintage Jester's Cap,Rin Mentham,29999,1,2023-09-06T06:57:44.000Z,https://universalis.app/market/2855
2702,Moldering Jester's Cap,Yunga Shannara,38,1,2023-09-08T15:59:23.000Z,https://universalis.app/market/2702
2857,Electrum Monocle,Kona Keurilin,19999,1,2023-09-13T16:46:56.000Z,https://universalis.app/market/2857
5087,Brass Rings,Kona Keurilin,500,2,2023-09-12T14:13:46.000Z,https://universalis.app/market/5087
2859,Cobalt Barbut,Naomi Kusakari,31000,1,2023-09-19T23:43:45.000Z,https://universalis.app/market/2859
2861,Cobalt Mesail,Skye Pond,45000,1,2023-09-06T23:35:20.000Z,https://universalis.app/market/2861
2862,Raptorskin Pot Helm,Big-cat Logan,25000,1,2023-09-15T18:12:59.000Z,https://universalis.app/market/2862
2870,Electrum Circlet (Rubellite),M'sumabla Nitsah,16061,1,2023-09-09T06:33:40.000Z,https://universalis.app/market/2870
2872,Electrum Circlet (Zircon),Airi Tachibana,39999,1,2023-09-08T01:21:11.000Z,https://universalis.app/market/2872
2874,Electrum Circlet (Tourmaline),Finn Scylla,3495,1,2023-09-09T01:18:25.000Z,https://universalis.app/market/2874
2876,Electrum Circlet (Amber),Mashed Purrtato,39999,1,2023-09-07T01:27:07.000Z,https://universalis.app/market/2876
2878,Electrum Circlet (Spinel),Jaya Folthorne,39999,1,2023-09-07T22:21:58.000Z,https://universalis.app/market/2878
2880,Electrum Circlet (Turquoise),Altan Sarnai,1000,1,2023-09-07T00:03:10.000Z,https://universalis.app/market/2880
2882,Rainmaker's Hat,Naomi Kusakari,28000,1,2023-09-11T20:52:54.000Z,https://universalis.app/market/2882
5084,Cobalt Rings,Lenus Kisaragi,1500,1,2023-08-29T22:43:57.000Z,https://universalis.app/market/5084
2886,Felt Beret,Sylvie Sunrider,29900,1,2023-09-11T18:10:10.000Z,https://universalis.app/market/2886
2888,Vintage Coif,Dorinere Calfslasher,29000,1,2023-09-11T21:59:59.000Z,https://universalis.app/market/2888
2889,Cobalt Celata,Saltheart Foamfollow,1500,1,2023-09-14T00:50:39.000Z,https://universalis.app/market/2889
2891,Felt Cavalier's Hat,Ari Kamikura,25500,1,2023-09-04T00:59:19.000Z,https://universalis.app/market/2891
2893,Cobalt Sallet,Rei Kurotsuki,20000,1,2023-09-05T06:28:09.000Z,https://universalis.app/market/2893
2895,Patrician's Wedge Cap,Miki Softpaws,36200,1,2023-08-30T14:05:10.000Z,https://universalis.app/market/2895
2911,Militia Barbut,Nefi Sorleva,9900,1,2023-08-29T10:10:50.000Z,https://universalis.app/market/2911
2912,Militia Armet,Garion Riley,4393,1,2023-09-14T13:00:16.000Z,https://universalis.app/market/2912
2913,Militia Hat,Roo Iam,2171,1,2023-09-19T02:10:33.000Z,https://universalis.app/market/2913
2915,Silver Tricorne,Ravyn Thurnstone,9295,1,2023-09-21T17:22:47.000Z,https://universalis.app/market/2915
5287,Uraeus Leather,Karma Mitsuke,10000,23,2023-09-16T19:34:45.000Z,https://universalis.app/market/5287
2920,Carpenter's Hood,Darth Rice,20000,1,2023-09-14T20:06:50.000Z,https://universalis.app/market/2920
2921,Blacksmith's Goggles,Ruze Edalgna,29999,1,2023-09-19T07:18:27.000Z,https://universalis.app/market/2921
2922,Armorer's Visor,Seechelle Noramber,6993,1,2023-09-11T23:50:39.000Z,https://universalis.app/market/2922
2924,Leatherworker's Hat,Indrigo Light,35000,1,2023-09-04T02:36:25.000Z,https://universalis.app/market/2924
2925,Weaver's Gibus,Jin-e Udo,14954,1,2023-09-02T09:03:00.000Z,https://universalis.app/market/2925
2926,Alchemist's Monocle,Eirika Polarlicht,30000,1,2023-09-09T20:31:18.000Z,https://universalis.app/market/2926
2927,Culinarian's Hat,Tyon Allenmoore,29000,1,2023-08-31T09:16:16.000Z,https://universalis.app/market/2927
2928,Hamlet Digger's Helmet,Mika Lawrence,24000,1,2023-08-31T13:16:08.000Z,https://universalis.app/market/2928
2929,Hamlet Cutter's Hat,Layah O'rhora,31980,1,2023-09-03T22:38:54.000Z,https://universalis.app/market/2929
2930,Hamlet Puller's Hat,Naomi Kusakari,44997,1,2023-09-21T00:25:56.000Z,https://universalis.app/market/2930
2932,Rose Gold Circlet,Chubby Maeve,13999,1,2023-09-04T01:03:58.000Z,https://universalis.app/market/2932
2931,Legionary Visor,Merlin Emryss,30000000,1,2023-09-15T22:20:05.000Z,https://universalis.app/market/2931
5067,Rose Gold Ingot,Sahiri Lucilfer,1400,34,2023-09-22T20:46:11.000Z,https://universalis.app/market/5067
2933,Imperial Operative Tricorne,Divina Rae,4500,1,2023-08-30T21:15:52.000Z,https://universalis.app/market/2933
2934,Imperial Operative Hat,Ii Ia,2998,1,2023-09-20T23:55:49.000Z,https://universalis.app/market/2934
2938,Gryphonskin Bandana,Spooky Izsnk,4996,1,2023-09-09T04:42:59.000Z,https://universalis.app/market/2938
5289,Hard Hippogryph Leather,D'uchess Katillina,5002,1,2023-09-07T17:09:28.000Z,https://universalis.app/market/5289
2940,Darksteel Chain Coif,Advent Strife,5000,1,2023-09-02T07:46:50.000Z,https://universalis.app/market/2940
5085,Darksteel Rings,Lilly Dragonblood,5000,2,2023-09-19T05:51:29.000Z,https://universalis.app/market/5085
2941,Vanya Hat of Casting,Mavis Quinn,6100,1,2023-09-02T05:53:03.000Z,https://universalis.app/market/2941
5577,Vanya Silk Hat Lining,Didri Winterset,2200,8,2023-09-05T02:11:28.000Z,https://universalis.app/market/5577
2942,Vanya Hat of Healing,Bagel Bite,2452,1,2023-09-14T22:00:56.000Z,https://universalis.app/market/2942
2958,Hempen Dalmatica,Grim Duck,999,1,2023-09-03T00:38:53.000Z,https://universalis.app/market/2958
2959,Hempen Dalmatica of Gathering,Lo'z Sukehiro,600,1,2023-08-31T00:10:18.000Z,https://universalis.app/market/2959
2960,Hempen Tunic,Jayme Jae,15200000,1,2023-09-12T19:06:05.000Z,https://universalis.app/market/2960
2961,Hempen Kurta,Destroyer Adachi,150810000,1,2023-09-22T16:11:35.000Z,https://universalis.app/market/2961
2993,Company Tabard,Black Tea,1800000,1,2023-09-17T18:51:11.000Z,https://universalis.app/market/2993
2996,Hempen Undershirt,Lucythebates Sr,24900,1,2023-09-18T15:30:21.000Z,https://universalis.app/market/2996
2997,Hempen Camise,Merzi Amaya,21400000,1,2023-09-06T04:49:57.000Z,https://universalis.app/market/2997
2999,Hempen Tabard,Mahalath Bloodmoon,28949,1,2023-09-10T01:34:36.000Z,https://universalis.app/market/2999
3000,Hempen Cowl,Xavic Vaughn,3000,1,2023-09-08T00:57:21.000Z,https://universalis.app/market/3000
3001,Hempen Shepherd's Tunic,Issa Blackrose,5000,1,2023-09-11T03:22:56.000Z,https://universalis.app/market/3001
5341,Moko Grass,Jazz Is,350,99,2023-09-19T16:22:19.000Z,https://universalis.app/market/5341
3010,Hempen Halfrobe,Sasha Moonglow,18000000,1,2023-09-16T05:49:23.000Z,https://universalis.app/market/3010
3011,Bronze Haubergeon,Rory Noire,5500,1,2023-09-14T02:17:47.000Z,https://universalis.app/market/3011
3013,Amateur's Doublet Vest,Aeryn Amariyo,10007,1,2023-09-19T03:33:56.000Z,https://universalis.app/market/3013
3014,Amateur's Kurta,Rory Noire,21107,1,2023-09-09T22:33:52.000Z,https://universalis.app/market/3014
3015,Amateur's Dalmatica,Lumi Belle,25000,1,2023-08-29T04:59:09.000Z,https://universalis.app/market/3015
3016,Leather Jacket,Yui Kurosagi,8000,1,2023-09-16T17:07:26.000Z,https://universalis.app/market/3016
3017,Hard Leather Harness,Laza Naharis,10000,1,2023-09-06T02:34:42.000Z,https://universalis.app/market/3017
3018,Hempen Robe,Aichi Sendou,123456,1,2023-09-09T21:46:37.000Z,https://universalis.app/market/3018
3019,Hempen Doublet Vest of Crafting,Rated Blacky,500,1,2023-09-03T03:39:16.000Z,https://universalis.app/market/3019
3020,Hempen Doublet Vest of Gathering,Phran Thresher,1000,1,2023-08-29T14:18:01.000Z,https://universalis.app/market/3020
3022,Cotton Shirt,Jasper James,3750,1,2023-09-01T03:27:39.000Z,https://universalis.app/market/3022
3023,Cotton Shepherd's Tunic,Bkilla Iravage,5000,1,2023-09-02T20:24:25.000Z,https://universalis.app/market/3023
3024,Cotton Cowl,Mart Rain,300000000,1,2023-09-21T17:56:39.000Z,https://universalis.app/market/3024
3026,Bronze Cuirass,Estelle Ceres,10000,1,2023-09-12T22:26:34.000Z,https://universalis.app/market/3026
3028,Cotton Tabard,Xierra Kitonix,2750,1,2023-09-12T01:35:31.000Z,https://universalis.app/market/3028
3036,Cotton Dalmatica,Ryukuzo Wintersoul,5000,1,2023-09-12T03:03:04.000Z,https://universalis.app/market/3036
3038,Cotton Dalmatica of Gathering,Ainyra Jun,10950,1,2023-09-12T18:05:37.000Z,https://universalis.app/market/3038
3039,Cotton Acton,Ramu Silly,11009,1,2023-09-15T07:29:37.000Z,https://universalis.app/market/3039
3041,Cotton Kurta,Sarozaku Z'a,10000,1,2023-09-12T06:18:52.000Z,https://universalis.app/market/3041
3043,Goatskin Jacket,Ignia Solarblade,900,1,2023-09-01T07:04:54.000Z,https://universalis.app/market/3043
3045,Iron Cuirass,Ayumi Emi,2000,1,2023-09-18T05:03:26.000Z,https://universalis.app/market/3045
3050,Cotton Halfrobe,Johannes Abel,6000,1,2023-09-24T00:13:16.000Z,https://universalis.app/market/3050
3052,Cotton Doublet Vest of Crafting,Laura Zaledor,22000,1,2023-08-30T03:55:29.000Z,https://universalis.app/market/3052
3053,Cotton Doublet Vest of Gathering,Laza Naharis,21000,1,2023-09-06T20:32:11.000Z,https://universalis.app/market/3053
3057,Iron Scale Mail,Lucille Grandark,15000,1,2023-09-15T22:29:21.000Z,https://universalis.app/market/3057
3060,Cotton Trapper's Tunic,Takagi Akito,4500,1,2023-09-17T22:58:56.000Z,https://universalis.app/market/3060
3062,Cotton Robe,Narissa Skydragon,8000,1,2023-09-10T03:08:46.000Z,https://universalis.app/market/3062
3064,Initiate's Doublet Vest,Darkheart Syn,35000,1,2023-09-22T18:38:28.000Z,https://universalis.app/market/3064
3065,Initiate's Gown,Kana Vihrea,8450,1,2023-09-24T01:54:59.000Z,https://universalis.app/market/3065
3066,Velveteen Shirt,Jaibi Snow,20000,1,2023-09-23T01:19:38.000Z,https://universalis.app/market/3066
3068,Heavy Iron Armor,Ladonia Pharo,20000000,1,2023-09-14T17:08:54.000Z,https://universalis.app/market/3068
3076,Vintage Coatee,Ivaldi Freyr,11000000,1,2023-09-14T02:52:10.000Z,https://universalis.app/market/3076
3009,Moth-eaten Coatee,Anita Whisky,15000,1,2023-09-09T16:55:07.000Z,https://universalis.app/market/3009
3077,Velveteen Coatee of Crafting,Nimue Umiko,29999,1,2023-08-30T21:36:46.000Z,https://universalis.app/market/3077
3090,Velveteen Cowl,Yuki Dragonsblood,13931,1,2023-09-20T01:39:29.000Z,https://universalis.app/market/3090
3092,Velveteen Coatee of Gathering,Naomi Kusakari,35000,1,2023-08-29T05:04:51.000Z,https://universalis.app/market/3092
3096,Steel Chainmail,Lady Gaia,35000,1,2023-09-12T02:36:03.000Z,https://universalis.app/market/3096
5083,Steel Rings,Bellah Rose,2000,1,2023-09-06T17:10:09.000Z,https://universalis.app/market/5083
3099,Toadskin Jerkin,Plushy Kitty,20000,1,2023-09-12T16:55:01.000Z,https://universalis.app/market/3099
3100,Toadskin Jacket,Venger Spinebreaker,26950000,1,2023-09-09T03:52:31.000Z,https://universalis.app/market/3100
3102,Steel Cuirass,Ivaldi Freyr,30000000,1,2023-09-14T02:24:34.000Z,https://universalis.app/market/3102
3104,Velveteen Gown,Ravyn Thurnstone,30000,1,2023-09-24T00:07:58.000Z,https://universalis.app/market/3104
3105,Vintage Doublet Vest,Rize Aizen,325000,1,2023-09-23T07:09:54.000Z,https://universalis.app/market/3105
2998,Frayed Cotton Doublet Vest,Rachel Strun,5000,1,2023-08-29T16:16:55.000Z,https://universalis.app/market/2998
3106,Velveteen Robe,Sesi Song,40000,1,2023-09-13T22:24:14.000Z,https://universalis.app/market/3106
3118,Steel Scale Mail,Lilah May,15000,1,2023-08-31T22:45:12.000Z,https://universalis.app/market/3118
3120,Velveteen Doublet Vest of Crafting,Ramu Silly,39999,1,2023-09-14T03:22:56.000Z,https://universalis.app/market/3120
3121,Velveteen Doublet Vest of Gathering,Anzu Sensei,39990,1,2023-09-22T00:32:37.000Z,https://universalis.app/market/3121
3125,Linen Shirt,Potato Drip,29999,1,2023-08-29T01:16:59.000Z,https://universalis.app/market/3125
3127,Heavy Steel Armor,Freya Ashner,10000,1,2023-08-30T07:07:02.000Z,https://universalis.app/market/3127
3131,Linen Robe,Varose Kiendae,12090,1,2023-08-30T02:52:46.000Z,https://universalis.app/market/3131
3137,Vintage Chef's Apron,Dietrich Ostendorff,30000,1,2023-09-17T07:51:02.000Z,https://universalis.app/market/3137
3138,Boarskin Harness,Lady Satarel,200000,1,2023-09-16T03:45:57.000Z,https://universalis.app/market/3138
3140,Linen Cowl,Luulibur Beltruski,30000,1,2023-09-15T18:40:38.000Z,https://universalis.app/market/3140
3142,Horn Scale Mail,Visenya Andretta,20000,1,2023-08-31T02:41:47.000Z,https://universalis.app/market/3142
3144,Linen Coatee of Crafting,Nacho K'ezo,33000,1,2023-09-04T12:52:49.000Z,https://universalis.app/market/3144
3145,Linen Coatee of Gathering,Mona Valentine,20000,1,2023-08-30T16:58:55.000Z,https://universalis.app/market/3145
3146,Linen Bliaud,Lust Starry,50000000,1,2023-09-01T16:59:55.000Z,https://universalis.app/market/3146
3147,Woolen Shirt,Blackfire Phoenix,24000,1,2023-09-06T21:44:38.000Z,https://universalis.app/market/3147
3149,Mythril Cuirass,Kestla Haerfrask,55000,1,2023-09-14T01:29:31.000Z,https://universalis.app/market/3149
3160,Woolen Robe,Thalis Marvell,28250,1,2023-09-01T17:25:05.000Z,https://universalis.app/market/3160
3162,Linen Smock,Yashiro Nene,30000,1,2023-09-16T17:20:15.000Z,https://universalis.app/market/3162
3163,Linen Doublet,Naliann Qelnaar,36000,1,2023-09-03T06:13:47.000Z,https://universalis.app/market/3163
3164,Vintage Scale Mail,Issac Hendrix,25000,1,2023-09-01T00:12:38.000Z,https://universalis.app/market/3164
3021,Blackened Scale Mail,Sindar Arkenstone,9999,1,2023-09-10T19:07:51.000Z,https://universalis.app/market/3021
3165,Peisteskin Harness,Qingfu Yevven,20000,1,2023-09-13T20:55:07.000Z,https://universalis.app/market/3165
3172,Ranger's Tunic,Cath Roon,15084,1,2023-09-13T00:17:19.000Z,https://universalis.app/market/3172
3174,Mythril Haubergeon,Lust Ul'timecia,30000,1,2023-08-29T15:07:24.000Z,https://universalis.app/market/3174
3176,Woolen Gown,Oberon Yllavaris,40000,1,2023-09-18T09:21:33.000Z,https://universalis.app/market/3176
3177,Boarskin Jerkin,Amata Karas,21999,1,2023-08-31T14:49:43.000Z,https://universalis.app/market/3177
3178,Woolen Bliaud,Sesena Sena,3501,1,2023-09-02T21:22:29.000Z,https://universalis.app/market/3178
3180,High Mythril Armor,Masha Zolsesi,50000,1,2023-08-30T04:17:22.000Z,https://universalis.app/market/3180
3182,Vintage Seneschal Coatee,Phoebix Alator,250000,1,2023-09-15T00:52:06.000Z,https://universalis.app/market/3182
3098,Moth-eaten Seneschal Coatee,Shasha Rosie,100064,1,2023-09-08T07:11:10.000Z,https://universalis.app/market/3098
3183,Tortoiseshell Scale Mail,Warrior Of'pink,15000,1,2023-09-01T02:08:25.000Z,https://universalis.app/market/3183
3185,Felt Robe,Rinni Rapport,20249,1,2023-09-02T02:12:14.000Z,https://universalis.app/market/3185
3187,Woolen Smock,Taint Lapis,49000,1,2023-09-17T17:50:02.000Z,https://universalis.app/market/3187
3188,Woolen Doublet,Colin Kenobi,18240,1,2023-09-05T03:09:26.000Z,https://universalis.app/market/3188
3191,Raptorskin Harness,Celaena Golmarr,35000,1,2023-09-10T20:37:58.000Z,https://universalis.app/market/3191
3193,Woolen Cowl,Luckie Puppy,8900,1,2023-09-16T02:05:27.000Z,https://universalis.app/market/3193
3203,Cobalt Haubergeon,Asmodious Soudiomsa,123000,1,2023-09-09T18:34:59.000Z,https://universalis.app/market/3203
3205,Felt Gown,Lisa Faye,67999,1,2023-09-03T21:23:50.000Z,https://universalis.app/market/3205
3206,Raptorskin Jerkin,Joseph Lysanderoth,45000,1,2023-09-15T12:52:03.000Z,https://universalis.app/market/3206
3208,Vintage Robe,Elsen Garvey,44999,1,2023-09-05T07:43:25.000Z,https://universalis.app/market/3208
3209,Cobalt Cuirass,Nimue Umiko,19998,1,2023-08-31T16:39:56.000Z,https://universalis.app/market/3209
3211,Felt Bliaud,Kirby Kir,48995,1,2023-08-29T23:02:16.000Z,https://universalis.app/market/3211
3213,Raptorskin Jacket,Spooky Izsnk,20000,1,2023-09-09T04:42:42.000Z,https://universalis.app/market/3213
3215,Patrician's Coatee,Cowboy Tanaka,39998,1,2023-09-13T14:00:17.000Z,https://universalis.app/market/3215
3218,Vintage Haubergeon,Shion Fleur,19999,1,2023-09-02T23:26:47.000Z,https://universalis.app/market/3218
3229,Carpenter's Gown,Anastasias Derevo,49999,1,2023-09-07T22:37:59.000Z,https://universalis.app/market/3229
3230,Blacksmith's Apron,Supplier Dingle,84983,1,2023-09-04T05:58:09.000Z,https://universalis.app/market/3230
3231,Armorer's Gown,Dietrich Ostendorff,23000,1,2023-09-17T20:51:46.000Z,https://universalis.app/market/3231
3234,Weaver's Swallowtail,Binabik Swarhimalsyn,19998,1,2023-09-09T04:36:43.000Z,https://universalis.app/market/3234
3235,Alchemist's Coat,Iwo Tea,30000,1,2023-09-01T10:01:21.000Z,https://universalis.app/market/3235
3236,Culinarian's Apron,Petra Sagolaris,71000,1,2023-09-13T02:35:17.000Z,https://universalis.app/market/3236
3237,Miner's Shirt,Surreal M'ocean,51898,1,2023-09-20T11:56:58.000Z,https://universalis.app/market/3237
3238,Botanist's Doublet,Valhalla Xernas,70000,1,2023-09-18T16:45:20.000Z,https://universalis.app/market/3238
3239,Fisher's Shirt,Aliya Santos,70000,1,2023-09-18T06:02:50.000Z,https://universalis.app/market/3239
3240,Militia Robe,Mika Moonlight,4875,1,2023-09-14T00:23:29.000Z,https://universalis.app/market/3240
3241,Militia Cuirass,Claire Francois,2989,1,2023-09-08T03:30:40.000Z,https://universalis.app/market/3241
3242,Militia Harness,Valentina Bishop,30119,1,2023-09-03T19:15:54.000Z,https://universalis.app/market/3242
3243,Mosshorn Scale Mail,Sumi Jizutsu,14999,1,2023-08-31T02:00:41.000Z,https://universalis.app/market/3243
5437,Mossy Horn,Edge Shaldine,301,1,2023-09-22T05:15:39.000Z,https://universalis.app/market/5437
3244,Dodore Doublet,Arthrilhed Langdale,51000,1,2023-09-15T01:04:13.000Z,https://universalis.app/market/3244
5286,Dodore Leather,Angel Kauma,5888,4,2023-09-07T01:29:14.000Z,https://universalis.app/market/5286
3249,Imperial Operative Dalmatica,Mika Moonlight,2000,1,2023-09-12T03:30:33.000Z,https://universalis.app/market/3249
3256,Heavy Darksteel Armor,Vex'ahlia Vessar,9000,1,2023-09-18T23:52:15.000Z,https://universalis.app/market/3256
5585,Darksteel Breastplate,Didri Winterset,2024,2,2023-09-05T02:12:49.000Z,https://universalis.app/market/5585
3257,Darksteel Haubergeon,Advent Strife,5998,1,2023-09-02T07:46:34.000Z,https://universalis.app/market/3257
5105,Garlean Steel Plate,Kiko Kaisuri,801,3,2023-08-31T21:55:35.000Z,https://universalis.app/market/5105
3258,Gryphonskin Jerkin,Mika Moonlight,7997,1,2023-09-13T23:31:09.000Z,https://universalis.app/market/3258
5290,Coeurl Fur,Raine Roselia,150,2,2023-09-23T00:02:35.000Z,https://universalis.app/market/5290
5581,Gryphonskin Shoulder Guards,Didri Winterset,2300,2,2023-09-05T02:12:05.000Z,https://universalis.app/market/5581
3259,Gryphonskin Tunic,Mika Moonlight,9000,1,2023-09-13T22:33:08.000Z,https://universalis.app/market/3259
5104,Garlean Steel Joint,Grimsveldr Dvraesgard,1900,1,2023-09-20T01:03:26.000Z,https://universalis.app/market/5104
3260,Vanya Robe of Casting,Mika Moonlight,6000,1,2023-09-13T23:53:13.000Z,https://universalis.app/market/3260
5578,Vanya Silk Robe Lining,Yunga Shannara,3000,1,2023-09-22T07:27:05.000Z,https://universalis.app/market/5578
3261,Vanya Robe of Healing,Mika Moonlight,10000,1,2023-09-14T00:23:05.000Z,https://universalis.app/market/3261
3274,Hempen Breeches,Ogeo Sanchez,25000,1,2023-09-03T09:26:28.000Z,https://universalis.app/market/3274
3275,Hempen Breeches of Crafting,Elidyr Nix,399,1,2023-09-01T05:42:29.000Z,https://universalis.app/market/3275
3276,Hempen Shepherd's Slops,Kaien Tanshi,50000,1,2023-09-11T03:56:19.000Z,https://universalis.app/market/3276
3307,Hempen Underpants,Night Rains,30000,1,2023-09-02T01:43:13.000Z,https://universalis.app/market/3307
3308,Hempen Pantalettes,Vylette Valentine,135000000,1,2023-09-02T08:16:46.000Z,https://universalis.app/market/3308
3309,Hempen Chausses,Tyetus Rygar,4999,1,2023-09-10T14:10:06.000Z,https://universalis.app/market/3309
3310,Leather Culottes,Silas Othemaas,5000,1,2023-09-15T19:27:32.000Z,https://universalis.app/market/3310
3311,Hempen Sarouel,Rosa Lina,1500,1,2023-09-04T18:12:18.000Z,https://universalis.app/market/3311
3312,Hempen Tights,Maestro Suave,125000,1,2023-09-09T23:53:07.000Z,https://universalis.app/market/3312
