id,name,buyerName,pricePerUnit,quantity,timestamp,universalisUrl
1602,Bronze Bastard Sword,Mae Zarya,700000,1,2023-12-05T17:04:42.000Z,https://universalis.app/market/1602
2,Fire Shard,Azie Emet,300001,1,2023-12-12T04:31:09.000Z,https://universalis.app/market/2
5,Earth Shard,Jaibi Snow,175,55,2023-12-04T01:17:08.000Z,https://universalis.app/market/5
5056,Bronze Ingot,Gerald Ridea,990,1,2023-12-26T21:47:22.000Z,https://universalis.app/market/5056
5361,Maple Lumber,Jezza Belle,250,10,2023-12-29T06:33:46.000Z,https://universalis.app/market/5361
5432,Bone Chip,Motoko Kusanyagi,141,2,2023-12-03T19:28:49.000Z,https://universalis.app/market/5432
1603,Viking Sword,Marielle Glace,10000000,1,2023-12-06T03:00:40.000Z,https://universalis.app/market/1603
5275,Leather,Myren Astaseul,755,1,2023-12-19T23:40:04.000Z,https://universalis.app/market/5275
1604,Ash Macuahuitl,Raelyn Brynn,15000000,1,2023-12-21T02:50:38.000Z,https://universalis.app/market/1604
3,Ice Shard,Sagitario Reynosok,175,55,2023-12-09T17:46:16.000Z,https://universalis.app/market/3
4,Wind Shard,Canadian Doge,175,55,2023-12-03T22:30:58.000Z,https://universalis.app/market/4
5124,Obsidian,Rishu Syer,155,20,2023-12-07T05:23:18.000Z,https://universalis.app/market/5124
5364,Ash Lumber,Dalcos Kairon,1000,1,2023-12-24T03:21:16.000Z,https://universalis.app/market/5364
1605,Bronze Spatha,Ila Eraswen,10000,1,2023-12-16T05:31:48.000Z,https://universalis.app/market/1605
5276,Hard Leather,Athenia Kay,200,10,2023-12-11T02:48:04.000Z,https://universalis.app/market/5276
5434,Ram Horn,Lucien Hagall,500000,1,2023-12-08T23:58:32.000Z,https://universalis.app/market/5434
1607,Brass Bastard Sword,Septa Lustramina,2999,1,2023-12-29T20:20:25.000Z,https://universalis.app/market/1607
5063,Brass Ingot,Mephisto Baelfire,5500,6,2023-12-17T04:25:19.000Z,https://universalis.app/market/5063
1609,Brass Viking Sword,Halala Masala,2000,1,2023-12-04T13:42:10.000Z,https://universalis.app/market/1609
5277,Aldgoat Leather,Redd Vampirus,5000,2,2023-12-10T11:40:42.000Z,https://universalis.app/market/5277
1611,Carnage Sword,Alt One,500,1,2023-12-08T00:08:28.000Z,https://universalis.app/market/1611
1614,Iron Shortsword,Insert Title,20000000,1,2023-12-06T05:50:48.000Z,https://universalis.app/market/1614
5057,Iron Ingot,Tyrocco Vandirk,1000,20,2023-12-15T02:14:02.000Z,https://universalis.app/market/5057
5367,Elm Lumber,Willy Again,1500,20,2023-12-24T16:53:22.000Z,https://universalis.app/market/5367
1622,Iron Spatha,Stacy Uptime,250,1,2023-12-06T21:31:26.000Z,https://universalis.app/market/1622
5435,Antelope Horn,Tuan Nguyen,790,10,2023-12-06T14:34:55.000Z,https://universalis.app/market/5435
1625,Steel Broadsword,Everly Aurora,20000,1,2023-12-20T22:58:07.000Z,https://universalis.app/market/1625
5058,Steel Ingot,Kimberly Greywolfe,9900,1,2023-12-12T10:48:48.000Z,https://universalis.app/market/5058
5371,Walnut Lumber,Krusos Aureus,1525,11,2023-12-06T20:47:16.000Z,https://universalis.app/market/5371
5444,Wolf Fang,Zaya Qestir,1550,90,2023-12-14T21:01:20.000Z,https://universalis.app/market/5444
1627,Elm Macuahuitl,Caleina Hidashi,1000,1,2023-12-18T23:46:47.000Z,https://universalis.app/market/1627
1633,Steel Falchion,Puan Maharana,25000,1,2023-12-04T03:44:28.000Z,https://universalis.app/market/1633
5260,Siltstone Whetstone,Siren Ventura,1600,6,2023-12-04T01:03:08.000Z,https://universalis.app/market/5260
1635,Vintage Bastard Sword,Alt One,10250,1,2023-12-13T21:50:08.000Z,https://universalis.app/market/1635
8,Fire Crystal,Aliste Silvertail,95,1000,2023-12-28T22:28:02.000Z,https://universalis.app/market/8
1606,Blunt Bastard Sword,Princess Valiana,10000,1,2023-12-19T01:12:27.000Z,https://universalis.app/market/1606
5259,Mudstone Whetstone,Aeden Eadwulf,699,3,2023-12-09T20:59:27.000Z,https://universalis.app/market/5259
1637,Walnut Macuahuitl,Cherish Strider,3000,1,2023-12-20T23:32:03.000Z,https://universalis.app/market/1637
5125,Wyvern Obsidian,Unkupo Zeno,401,20,2023-12-06T15:59:51.000Z,https://universalis.app/market/5125
1639,Steel Longsword,Everly Aurora,9999,1,2023-12-27T21:08:21.000Z,https://universalis.app/market/1639
5504,Fish Glue,Axewyb Beegeimwyn,900,1,2023-12-03T21:42:37.000Z,https://universalis.app/market/5504
1642,Goblin Scimitar,Alt One,7490,1,2023-12-28T20:26:48.000Z,https://universalis.app/market/1642
1643,Mythril Broadsword,Ryuma Heishiro,9999,1,2023-12-27T18:00:56.000Z,https://universalis.app/market/1643
5065,Mythril Ingot,Petrichor Tia,10000,1,2023-12-16T15:53:04.000Z,https://universalis.app/market/5065
5373,Oak Lumber,Shin Takeru,5000,10,2023-12-05T01:35:36.000Z,https://universalis.app/market/5373
1648,Vintage Viking Sword,Volkvarthr Zayart,35000,1,2023-12-09T21:46:19.000Z,https://universalis.app/market/1648
11,Earth Crystal,Joxe Valfre,175,55,2023-12-04T09:18:16.000Z,https://universalis.app/market/11
1616,Nicked Viking Sword,Koznhevikova Rhiikoro,14900,1,2023-12-29T07:51:37.000Z,https://universalis.app/market/1616
1649,Goblin Longsword,Amunaptra Atem,15000,1,2023-12-11T23:43:40.000Z,https://universalis.app/market/1649
5262,Basilisk Whetstone,Motoko Kusanyagi,3002,1,2023-12-03T19:09:28.000Z,https://universalis.app/market/5262
1650,Plumed Oak Macuahuitl,Tiny Convict,5000,1,2023-12-21T01:29:08.000Z,https://universalis.app/market/1650
5360,Wildfowl Feather,Sin Corazon,2000,2,2023-12-28T16:13:44.000Z,https://universalis.app/market/5360
1657,Cobalt Katzbalger,Fenris Odinsbane,23000,1,2023-12-21T03:11:15.000Z,https://universalis.app/market/1657
5059,Cobalt Ingot,Aleksandar Corsain,18000,1,2023-12-27T04:42:17.000Z,https://universalis.app/market/5059
5066,Electrum Ingot,Kalvari Nightstalk,18000,3,2023-12-25T22:49:35.000Z,https://universalis.app/market/5066
5282,Boar Leather,Winters Snowfall,18000,1,2023-12-19T06:04:51.000Z,https://universalis.app/market/5282
1659,Cobalt Shamshir,Hue Mann,49999,1,2023-12-03T17:05:56.000Z,https://universalis.app/market/1659
5436,Aldgoat Horn,Estella Stormstar,1000,4,2023-12-18T03:44:26.000Z,https://universalis.app/market/5436
1663,Cobalt Winglet,Sinafay T'sarran,50000,1,2023-12-10T01:51:54.000Z,https://universalis.app/market/1663
5374,Mahogany Lumber,Caelenn Hyrell,4500,6,2023-12-11T16:03:20.000Z,https://universalis.app/market/5374
5465,Sunrise Tellin,Dopple Colors,990,22,2023-12-23T04:15:20.000Z,https://universalis.app/market/5465
5505,Horn Glue,Estella Stormstar,10700,1,2023-12-18T03:44:06.000Z,https://universalis.app/market/5505
1666,Giantsgall Longsword,Esme Tyata,4950,1,2023-12-12T12:38:57.000Z,https://universalis.app/market/1666
18,Lightning Cluster,Amber Wood,300,600,2023-12-04T18:58:38.000Z,https://universalis.app/market/18
19,Water Cluster,Tiamat Dragonhart,800,100,2023-12-28T02:15:18.000Z,https://universalis.app/market/19
7579,Mossy Stone Sword,Zim Invader,14,2,2023-12-20T02:40:40.000Z,https://universalis.app/market/7579
7620,Diluted Vitriol,Luluru Noluru,398,2,2023-12-20T06:42:01.000Z,https://universalis.app/market/7620
1670,Aeolian Scimitar,Frozen Yoburt,59989,1,2023-12-27T03:07:44.000Z,https://universalis.app/market/1670
1636,Blunt Aeolian Scimitar,Mae Zarya,2500000,1,2023-12-05T22:35:50.000Z,https://universalis.app/market/1636
5061,Darksteel Nugget,Shinobi Dm,3599,3,2023-12-04T06:38:46.000Z,https://universalis.app/market/5061
1673,Mailbreaker,Satan Sama,4999,1,2023-12-24T01:29:34.000Z,https://universalis.app/market/1673
14,Fire Cluster,Zero Amiya,359,300,2023-12-28T20:00:17.000Z,https://universalis.app/market/14
17,Earth Cluster,Mide Mizuki,200,90,2023-12-12T19:36:39.000Z,https://universalis.app/market/17
5068,Rose Gold Nugget,Dessi Hyskaris,5502,6,2023-12-14T16:25:36.000Z,https://universalis.app/market/5068
5288,Hippogryph Leather,Haru Takayama,5850,4,2023-12-03T05:06:35.000Z,https://universalis.app/market/5288
5570,Mailbreaker Blade,Didri Winterset,2000,1,2023-12-16T02:47:33.000Z,https://universalis.app/market/5570
1681,Bone Hora,Kem Chuoi,14990,1,2023-12-06T18:42:47.000Z,https://universalis.app/market/1681
5318,Animal Sinew,Folly Crown,999,2,2023-12-15T22:25:53.000Z,https://universalis.app/market/5318
1682,Leather Himantes,Kairo Orben,6000,1,2023-12-21T06:09:51.000Z,https://universalis.app/market/1682
5324,Undyed Hempen Cloth,Happy Fellow,400,2,2023-12-07T06:30:48.000Z,https://universalis.app/market/5324
1683,Ramhorn Claws,Anghara Indigo,8008,1,2023-12-20T11:47:07.000Z,https://universalis.app/market/1683
1684,Bronze Knuckles,Sigurd Snow-hair,20000,1,2023-12-16T22:05:40.000Z,https://universalis.app/market/1684
1685,Hard Leather Himantes,Mio Ando,200,1,2023-12-10T00:09:22.000Z,https://universalis.app/market/1685
1686,Brass Knuckles,Arnoa Vordin,2000,1,2023-12-05T02:59:00.000Z,https://universalis.app/market/1686
1688,Goatskin Cesti,Averill Maldiore,1000016,1,2023-12-19T00:37:59.000Z,https://universalis.app/market/1688
5319,Beast Sinew,Finwick Shorttail,799,2,2023-12-07T06:21:32.000Z,https://universalis.app/market/5319
1694,Spiked Knuckles,Koznhevikova Rhiikoro,1026,1,2023-12-13T21:09:38.000Z,https://universalis.app/market/1694
5072,Iron Plate,Cipher Mss,1000,2,2023-12-13T16:13:36.000Z,https://universalis.app/market/5072
1697,Toadskin Cesti,Remina Kawakami,6000,1,2023-12-27T12:02:44.000Z,https://universalis.app/market/1697
5280,Toad Leather,Sylvana Mul'droth,2499,2,2023-12-29T08:54:02.000Z,https://universalis.app/market/5280
5320,Diremite Sinew,Aquaphoenix Down,1700,42,2023-12-15T15:06:41.000Z,https://universalis.app/market/5320
1699,Steel Claws,Avim Hald,19999,1,2023-12-17T04:20:07.000Z,https://universalis.app/market/1699
5073,Steel Plate,Nicolette Duclare,1500,2,2023-12-06T05:08:28.000Z,https://universalis.app/market/5073
1706,Crabshell Hora,Vayshan Amortune,13000,1,2023-12-07T11:30:29.000Z,https://universalis.app/market/1706
5321,Hippogryph Sinew,Hobert Fish,500,99,2023-12-10T06:11:04.000Z,https://universalis.app/market/5321
5456,Green Megalocrab Shell,Sa'ab Draken,200000,1,2023-12-17T07:58:47.000Z,https://universalis.app/market/5456
1708,Boarskin Himantes,Sev Slatin,18000,1,2023-12-14T01:58:58.000Z,https://universalis.app/market/1708
1711,Mythril Claws,Kuroai King,30000,1,2023-12-28T05:56:39.000Z,https://universalis.app/market/1711
5079,Mythril Plate,Malothe Allanbright,5003,2,2023-12-07T03:24:38.000Z,https://universalis.app/market/5079
1716,Tortoiseshell Hora,Air Eeo,18000,1,2023-12-07T04:28:21.000Z,https://universalis.app/market/1716
5322,Raptor Sinew,Dark Midnight,15000,1,2023-12-14T09:57:03.000Z,https://universalis.app/market/5322
5458,Adamantoise Shell,Odesa Lockhart,10,1,2023-12-19T08:12:54.000Z,https://universalis.app/market/5458
1723,Cobalt Knuckles,Hue Mann,39999,1,2023-12-03T17:05:27.000Z,https://universalis.app/market/1723
5284,Peiste Leather,Sylvana Mul'droth,1000,6,2023-12-15T17:21:11.000Z,https://universalis.app/market/5284
5285,Raptor Leather,Celica Everflaire,2000,6,2023-12-29T01:47:59.000Z,https://universalis.app/market/5285
1733,Cobalt Claws,Von Grim,75000,1,2023-12-14T19:50:44.000Z,https://universalis.app/market/1733
5074,Cobalt Plate,Jazmine Sweet,8000,1,2023-12-28T20:58:22.000Z,https://universalis.app/market/5074
1736,Giantsgall Claws,Pikachu Pika,2000,1,2023-12-18T00:15:26.000Z,https://universalis.app/market/1736
1740,Wildling's Cesti,Fawn Firesong,20128,1,2023-12-16T22:35:20.000Z,https://universalis.app/market/1740
10,Wind Crystal,Akemiko Ishikama,175,55,2023-12-10T06:40:29.000Z,https://universalis.app/market/10
5567,Bloody Cesti Covers,Luluny Luny,2114,1,2023-12-20T04:33:32.000Z,https://universalis.app/market/5567
1743,Avengers,Repede San,2963,1,2023-12-17T00:24:41.000Z,https://universalis.app/market/1743
5378,Spruce Lumber,Dingy Dingus,5000,10,2023-12-10T19:39:34.000Z,https://universalis.app/market/5378
5571,Avenger Grips,Didri Winterset,2000,1,2023-12-16T02:47:39.000Z,https://universalis.app/market/5571
1750,Bronze War Axe,Aeristar Bleu,14850,1,2023-12-24T21:14:02.000Z,https://universalis.app/market/1750
1751,Bronze Labrys,Septa Lustramina,300,1,2023-12-25T20:21:52.000Z,https://universalis.app/market/1751
1752,Cloud Axe,Ildstorm Djt-dvre,3000,1,2023-12-18T20:42:06.000Z,https://universalis.app/market/1752
1753,Spiked Bronze Labrys,Mephisto Baelfire,8997,1,2023-12-17T03:47:06.000Z,https://universalis.app/market/1753
1754,Iron War Axe,Eggoless Brutus,6000,1,2023-12-28T02:20:03.000Z,https://universalis.app/market/1754
1756,Iron Labrys,Michelle Aveline,3499,1,2023-12-10T05:42:56.000Z,https://universalis.app/market/1756
1758,Inferno Axe,Penta Nox,3075,1,2023-12-03T22:13:13.000Z,https://universalis.app/market/1758
1764,Iron Bill,Black Bunny,2026,1,2023-12-17T04:02:12.000Z,https://universalis.app/market/1764
4856,Clove Oil,Bulbus Strombly,8000,1,2023-12-28T19:57:20.000Z,https://universalis.app/market/4856
5368,Yew Lumber,Diantha Arbustos,2184,1,2023-12-21T00:40:19.000Z,https://universalis.app/market/5368
5064,Silver Ingot,Aeriela Darksbane,4000,1,2023-12-03T13:07:52.000Z,https://universalis.app/market/5064
1769,Spiked Steel Labrys,Kinaru Baing,4500,1,2023-12-05T22:17:38.000Z,https://universalis.app/market/1769
1776,Steel Bardiche,Liebre Lunar,15000,1,2023-12-23T08:40:14.000Z,https://universalis.app/market/1776
5405,Yew Branch,Archaea Tannhauser,1500,1,2023-12-24T00:40:54.000Z,https://universalis.app/market/5405
1778,Steel Bhuj,Rayquaza Ex,40000,1,2023-12-20T04:41:35.000Z,https://universalis.app/market/1778
1781,Spiked Mythril Labrys,Ophelia Kaatapoh,100074,1,2023-12-12T09:24:35.000Z,https://universalis.app/market/1781
1786,Mythril Bhuj,Johnny-jeans Deno,25000,1,2023-12-06T01:16:03.000Z,https://universalis.app/market/1786
1796,Buccaneer's Bardiche,Chiull Malqir,49999,1,2023-12-06T14:04:44.000Z,https://universalis.app/market/1796
5414,Rosewood Branch,Sol Sundragon,200,26,2023-12-25T20:19:14.000Z,https://universalis.app/market/5414
5196,Jadeite,Eunie Bunie,3945,2,2023-12-29T17:50:40.000Z,https://universalis.app/market/5196
1803,Spiked Cobalt Labrys,Spllyn Iam,19999,1,2023-12-17T20:03:36.000Z,https://universalis.app/market/1803
5376,Rosewood Lumber,Gwell Moko,3500,1,2023-12-03T22:53:43.000Z,https://universalis.app/market/5376
1806,Giantsgall War Axe,Bim Danglefield,1200,1,2023-12-25T23:10:41.000Z,https://universalis.app/market/1806
1810,Barbarian's Bardiche,Memeroni Pepperoni,68999,1,2023-12-19T13:42:22.000Z,https://universalis.app/market/1810
5566,Bloody Bardiche Head,Ms Eldari,3000,1,2023-12-16T04:17:26.000Z,https://universalis.app/market/5566
5075,Darksteel Plate,Crazant Argonar,5000,6,2023-12-08T16:05:55.000Z,https://universalis.app/market/5075
5572,Rampager Head,Zenga Kukatsu,2499,2,2023-12-24T07:17:05.000Z,https://universalis.app/market/5572
1820,Bone Harpoon,Ylava Toad,1000,1,2023-12-12T00:32:52.000Z,https://universalis.app/market/1820
5503,Animal Glue,Lilymarie Bean,444,1,2023-12-06T06:48:16.000Z,https://universalis.app/market/5503
1821,Bronze Spear,Ume Oryian,5000,1,2023-12-19T16:05:59.000Z,https://universalis.app/market/1821
5482,Fish Oil,Lilly-rose Arynn,850,4,2023-12-17T05:40:15.000Z,https://universalis.app/market/5482
1822,Ramhorn Harpoon,Rae Raeys,2500,1,2023-12-05T22:43:28.000Z,https://universalis.app/market/1822
1823,Feathered Harpoon,Catnip Lacroix,7500,1,2023-12-30T03:27:25.000Z,https://universalis.app/market/1823
5352,Crow Feather,Warden Khurk,800,10,2023-12-26T07:25:51.000Z,https://universalis.app/market/5352
5433,Soiled Femur,Sakuku Saku,150,4,2023-12-04T23:50:20.000Z,https://universalis.app/market/5433
1825,Iron Spear,Erin Joestar,25000,1,2023-12-28T04:23:04.000Z,https://universalis.app/market/1825
1827,Iron Lance,Jcnegi Lrxefr,204000000,1,2023-12-24T12:19:37.000Z,https://universalis.app/market/1827
1833,Iron Guisarme,Ylava Toad,500,1,2023-12-27T22:56:05.000Z,https://universalis.app/market/1833
1836,Silver Battle Fork,Octo Saur,2030,1,2023-12-04T21:13:13.000Z,https://universalis.app/market/1836
5484,Crab Oil,Maenir Tolfan,6000,2,2023-12-23T21:41:07.000Z,https://universalis.app/market/5484
1838,Steel Halberd,Savage Duncan,4946,1,2023-12-24T19:15:32.000Z,https://universalis.app/market/1838
1845,Steel Spear,Joan Madden,10000,1,2023-12-05T16:48:22.000Z,https://universalis.app/market/1845
1847,Heavy Steel Lance,Black Metal,5000,1,2023-12-09T09:25:51.000Z,https://universalis.app/market/1847
1850,Yarzonshell Harpoon,Black Bunny,5000,1,2023-12-16T00:07:32.000Z,https://universalis.app/market/1850
5454,Yellow Yarzon Leg,Kieara Qolnh,85,3,2023-12-16T10:18:36.000Z,https://universalis.app/market/5454
1855,Mythril Lance,Fakhet Ragnall,15000,1,2023-12-20T13:37:49.000Z,https://universalis.app/market/1855
1862,Cobalt Halberd,Yumeko Jambi,89999,1,2023-12-10T07:30:41.000Z,https://universalis.app/market/1862
1867,Cobalt Trident,Ouka Ootori,25000,1,2023-12-03T10:03:02.000Z,https://universalis.app/market/1867
5486,Shark Oil,R'hago Taaj,7000,1,2023-12-07T06:44:50.000Z,https://universalis.app/market/5486
9,Ice Crystal,Joxe Valfre,1552,30,2023-12-04T09:18:00.000Z,https://universalis.app/market/9
1872,Hart Guisarme,Talicat Ashwood,30000,1,2023-12-22T06:25:43.000Z,https://universalis.app/market/1872
1875,Giantsgall Trident,Victoria Rose,2725,1,2023-12-11T18:15:04.000Z,https://universalis.app/market/1875
7582,Mossy Stone Spear,Zim Invader,15,1,2023-12-20T02:40:52.000Z,https://universalis.app/market/7582
1879,Champion's Lance,Allister Crescent,99899,1,2023-12-12T14:22:41.000Z,https://universalis.app/market/1879
5565,Bloody Lance Head,Xivne Caeruleus,11999,1,2023-12-12T00:22:13.000Z,https://universalis.app/market/5565
1882,Obelisk,Pikachu Pika,1800,1,2023-12-18T00:15:44.000Z,https://universalis.app/market/1882
5573,Obelisk Head,Cinnamon Sugar,1821,1,2023-12-27T16:27:21.000Z,https://universalis.app/market/5573
1891,Maple Shortbow,Rick Qt,10000,1,2023-12-30T02:42:23.000Z,https://universalis.app/market/1891
5333,Hempen Yarn,Jezza Belle,421,2,2023-12-29T06:27:19.000Z,https://universalis.app/market/5333
1892,Maple Longbow,Keola Niyati,5500,1,2023-12-04T09:06:36.000Z,https://universalis.app/market/1892
5396,Maple Branch,Solaara Windynn,500,30,2023-12-30T01:59:12.000Z,https://universalis.app/market/5396
1893,Plumed Maple Shortbow,Re'gor Tegne,500,1,2023-12-21T05:58:28.000Z,https://universalis.app/market/1893
5351,Cock Feather,Febronia Shio,1000000,1,2023-12-22T02:07:02.000Z,https://universalis.app/market/5351
5402,Ash Branch,Tulip Dewdrop,458,10,2023-12-26T22:23:50.000Z,https://universalis.app/market/5402
1895,Ash Shortbow,Daskill Isher,10000,1,2023-12-30T01:04:40.000Z,https://universalis.app/market/1895
1897,Elm Longbow,Sigurd Snow-hair,25000,1,2023-12-14T23:23:41.000Z,https://universalis.app/market/1897
5334,Cotton Yarn,Omar Little,199,8,2023-12-15T16:38:23.000Z,https://universalis.app/market/5334
1899,Elm Velocity Bow,Icarus Sundragon,1000,1,2023-12-08T00:36:00.000Z,https://universalis.app/market/1899
1905,Wrapped Elm Longbow,Koznhevikova Rhiikoro,9999,1,2023-12-16T11:04:12.000Z,https://universalis.app/market/1905
1908,Ash Composite Bow,Ulrike Wolf,20000,1,2023-12-08T04:13:37.000Z,https://universalis.app/market/1908
1915,Ash Cavalry Bow,Remina Kawakami,5000,1,2023-12-20T11:19:06.000Z,https://universalis.app/market/1915
5409,Oak Branch,Lance Caln,155,17,2023-12-25T18:09:05.000Z,https://universalis.app/market/5409
1917,Oak Longbow,Savage Duncan,39999,1,2023-12-24T19:30:42.000Z,https://universalis.app/market/1917
5336,Linen Yarn,Jos'ir Rogir,1276,2,2023-12-21T20:29:52.000Z,https://universalis.app/market/5336
1920,Mythril Cavalry Bow,Valerie Moreau,15000,1,2023-12-09T00:16:40.000Z,https://universalis.app/market/1920
1925,Oak Composite Bow,Faris Shima,45000,1,2023-12-29T18:02:10.000Z,https://universalis.app/market/1925
1932,Cobalt Cavalry Bow,Beren Orome,75000,1,2023-12-20T00:47:01.000Z,https://universalis.app/market/1932
1937,Yew Longbow,Lilymarie Bean,50000,1,2023-12-06T06:42:16.000Z,https://universalis.app/market/1937
1941,Vintage Bow,Rheanna Mathias,34200,1,2023-12-03T22:06:54.000Z,https://universalis.app/market/1941
1942,Crab Bow,Ash Brogen,50000,1,2023-12-14T22:32:06.000Z,https://universalis.app/market/1942
5462,Red Coral,Megumi Ornitier,5000,1,2023-12-28T18:25:18.000Z,https://universalis.app/market/5462
1945,Giantsgall Longbow,Repede San,365,1,2023-12-17T00:27:04.000Z,https://universalis.app/market/1945
1949,Longarm's Composite Bow,Der Ito,63999,1,2023-12-12T13:52:48.000Z,https://universalis.app/market/1949
5568,Bloody Bow Rim,Ankia Tayuun,2800,1,2023-12-26T22:38:40.000Z,https://universalis.app/market/5568
1953,Sarnga,Zenga Kukatsu,1900,1,2023-12-24T07:20:52.000Z,https://universalis.app/market/1953
15,Ice Cluster,Haze Nadah,65,500,2023-12-24T09:36:41.000Z,https://universalis.app/market/15
16,Wind Cluster,Jesse Brandy,300,300,2023-12-03T08:28:25.000Z,https://universalis.app/market/16
5574,Sarnga Limb,Cedrik Winterbane,2024,2,2023-12-20T02:36:52.000Z,https://universalis.app/market/5574
1958,Maple Wand,Rishu Syer,38000,1,2023-12-25T20:24:40.000Z,https://universalis.app/market/1958
6,Lightning Shard,Canadian Doge,111,1386,2023-12-03T22:31:23.000Z,https://universalis.app/market/6
7,Water Shard,Viru Endsinger,175,55,2023-12-08T05:14:45.000Z,https://universalis.app/market/7
5470,Growth Formula Alpha,Odaedo Atara,2914,1,2023-12-05T03:08:10.000Z,https://universalis.app/market/5470
1959,Whispering Maple Wand,Sae Hana,5000,1,2023-12-06T03:39:47.000Z,https://universalis.app/market/1959
1960,Budding Maple Wand,Adoncia Hueras,3111,1,2023-12-23T00:15:19.000Z,https://universalis.app/market/1960
5492,Beastkin Blood,Jay Relius,8,1,2023-12-19T02:53:19.000Z,https://universalis.app/market/5492
1961,Ash Wand,Exeo Ryoth,9999,1,2023-12-09T00:31:45.000Z,https://universalis.app/market/1961
5471,Growth Formula Beta,Grass Cake,15000,1,2023-12-12T16:17:25.000Z,https://universalis.app/market/5471
1963,Budding Ash Wand,Yora Rofnhiru,15000,1,2023-12-10T23:30:27.000Z,https://universalis.app/market/1963
1965,Whispering Ash Wand,Remina Kawakami,5000,1,2023-12-17T10:39:16.000Z,https://universalis.app/market/1965
5493,Scalekin Blood,Lilian Yoon,1000,5,2023-12-11T20:29:50.000Z,https://universalis.app/market/5493
1967,Yew Wand,Trishana O'mogson,3030,1,2023-12-05T12:27:29.000Z,https://universalis.app/market/1967
1971,Budding Oak Wand,Guy Gregor,48000,1,2023-12-27T01:18:35.000Z,https://universalis.app/market/1971
4603,Hi-Potion of Mind,Michael Hatsune,299,2,2023-12-11T00:53:44.000Z,https://universalis.app/market/4603
1974,Wand of Frost,Mikha Magala,20000,1,2023-12-06T01:48:05.000Z,https://universalis.app/market/1974
5199,Eye of Ice,L'azura Manyan,75,1,2023-12-19T18:44:55.000Z,https://universalis.app/market/5199
5472,Growth Formula Gamma,Tanis Sands,3500,1,2023-12-12T15:57:18.000Z,https://universalis.app/market/5472
1976,Wand of Tremors,Remina Kawakami,20000,1,2023-12-26T03:51:36.000Z,https://universalis.app/market/1976
5201,Eye of Earth,Natlus Caelum,270,1,2023-12-19T21:26:48.000Z,https://universalis.app/market/5201
1978,Wand of Tides,Yuyumuko Sesemuko,19000,1,2023-12-03T14:53:53.000Z,https://universalis.app/market/1978
5203,Eye of Water,Agent Undercover,92,2,2023-12-09T14:20:33.000Z,https://universalis.app/market/5203
1981,Wand of Flames,Arus Soleia,2000,1,2023-12-13T03:38:51.000Z,https://universalis.app/market/1981
5198,Eye of Fire,Pengu Pengu,1000,8,2023-12-20T05:49:17.000Z,https://universalis.app/market/5198
5200,Eye of Wind,L'azura Manyan,280,2,2023-12-19T18:45:06.000Z,https://universalis.app/market/5200
5202,Eye of Lightning,Shen Flips,15,5,2023-12-20T20:39:28.000Z,https://universalis.app/market/5202
1987,Budding Rosewood Wand,Shen Flips,59999,1,2023-12-08T22:51:51.000Z,https://universalis.app/market/1987
4608,Mega-Potion of Mind,Zenga Kukatsu,10000,1,2023-12-11T19:11:44.000Z,https://universalis.app/market/4608
5494,Spoken Blood,Shen Flips,2500,2,2023-12-05T14:17:20.000Z,https://universalis.app/market/5494
1996,Maple Cane,Ylava Toad,8000,1,2023-12-19T00:05:33.000Z,https://universalis.app/market/1996
1997,Maple Crook,Rishu Syer,15000,1,2023-12-29T00:25:41.000Z,https://universalis.app/market/1997
1998,Ash Radical,Steevon Dejiki,3000,1,2023-12-18T20:48:17.000Z,https://universalis.app/market/1998
2000,Elm Cane,Rhea Taligrus,1500,1,2023-12-25T16:01:27.000Z,https://universalis.app/market/2000
2002,Elm Crook,Bruce Leroi,35,1,2023-12-20T01:23:55.000Z,https://universalis.app/market/2002
2004,Yew Radical,Ethereal Etheirys,3000,1,2023-12-08T20:46:47.000Z,https://universalis.app/market/2004
2010,Pastoral Yew Cane,Snow Ash,5000,1,2023-12-08T04:57:44.000Z,https://universalis.app/market/2010
2011,Yew Crook,Willy Again,4600,1,2023-12-26T23:15:47.000Z,https://universalis.app/market/2011
2015,Walnut Cane,Lilymarie Bean,29999,1,2023-12-06T06:40:17.000Z,https://universalis.app/market/2015
2021,Plumed Yew Crook,Zen Verde,300,1,2023-12-14T17:11:51.000Z,https://universalis.app/market/2021
2023,Oak Radical,Monka Finna'gonna,5000,1,2023-12-19T07:18:23.000Z,https://universalis.app/market/2023
2026,Pastoral Oak Cane,Phoebe Aeroxia,11067,1,2023-12-03T08:41:36.000Z,https://universalis.app/market/2026
2030,Sprouting Rosewood Radical,Beer Pup,44444,1,2023-12-09T07:01:22.000Z,https://universalis.app/market/2030
2039,Jade Crook,Lilymarie Bean,89999,1,2023-12-06T06:41:56.000Z,https://universalis.app/market/2039
2041,Vintage Cane,Miku Hatsune-chan,29500,1,2023-12-10T04:28:43.000Z,https://universalis.app/market/2041
2014,Splintered Cane,Tanis Sands,5000,1,2023-12-12T15:59:23.000Z,https://universalis.app/market/2014
2044,Pastoral Mahogany Cane,Bradan Flyff,19500,1,2023-12-17T04:35:50.000Z,https://universalis.app/market/2044
5335,Dew Thread,Lilac Soup,2500,99,2023-12-08T04:05:05.000Z,https://universalis.app/market/5335
2047,Tane Mahuta,Mephisto Baelfire,48000,1,2023-12-21T02:42:46.000Z,https://universalis.app/market/2047
5555,Ochu Vine,Temporal Stasis,1560,1,2023-12-05T23:12:18.000Z,https://universalis.app/market/5555
2048,Giantsgall Cane,P'urgio Redikulio,1999,1,2023-12-26T06:09:55.000Z,https://universalis.app/market/2048
2049,Madman's Whispering Rod,Debroye Paharo,88293,1,2023-12-21T15:18:38.000Z,https://universalis.app/market/2049
12,Lightning Crystal,Ruby Shoes,998,200,2023-12-04T16:01:38.000Z,https://universalis.app/market/12
13,Water Crystal,Tsukiko Saito,450,50,2023-12-28T00:07:41.000Z,https://universalis.app/market/13
5473,Growth Formula Delta,A'risu Fhey,3000,10,2023-12-16T23:03:05.000Z,https://universalis.app/market/5473
5537,Thavnairian Mistletoe,Syuri Naldah,40,10,2023-12-30T02:18:14.000Z,https://universalis.app/market/5537
5547,Vampire Plant,Melon Bun,13,1,2023-12-05T04:37:41.000Z,https://universalis.app/market/5547
2051,Alkalurops,Pikachu Pika,1500,1,2023-12-17T23:19:06.000Z,https://universalis.app/market/2051
5575,Suspended Trillium Flower,Celia Stormborn,2388,1,2023-12-14T13:00:51.000Z,https://universalis.app/market/5575
2056,Bone Brand,Laqima Azzy,25000,1,2023-12-21T22:14:46.000Z,https://universalis.app/market/2056
5197,Marbled Eye,Hamburger Help-me,450,30,2023-12-11T02:34:31.000Z,https://universalis.app/market/5197
2057,Copper Scepter,Monka Finna'gonna,4995,1,2023-12-05T21:01:05.000Z,https://universalis.app/market/2057
5062,Copper Ingot,Jay Relius,150,1,2023-12-19T02:45:24.000Z,https://universalis.app/market/5062
2058,Bronze Scepter,Ildstorm Djt-dvre,2006,1,2023-12-23T23:23:11.000Z,https://universalis.app/market/2058
2059,Brass Cudgel,Ladislas Braddock,100,1,2023-12-14T06:53:59.000Z,https://universalis.app/market/2059
2061,Decorated Copper Scepter,Ai Zgod,20011,1,2023-12-18T07:09:51.000Z,https://universalis.app/market/2061
5258,Ragstone Whetstone,Atli Asterale,498,8,2023-12-21T20:29:11.000Z,https://universalis.app/market/5258
2063,Wind Brand,Remina Kawakami,18015,1,2023-12-19T10:12:50.000Z,https://universalis.app/market/2063
2066,Ice Brand,Buttered Pancakes,12000,1,2023-12-03T01:04:41.000Z,https://universalis.app/market/2066
2069,Silver Scepter,Zelda Faye,150,1,2023-12-05T06:41:40.000Z,https://universalis.app/market/2069
5527,Brimstone,Freckle Freckle,222,2,2023-12-21T20:51:31.000Z,https://universalis.app/market/5527
2071,Earth Brand,San Nemeseos,6500,1,2023-12-04T01:08:28.000Z,https://universalis.app/market/2071
2078,Fire Brand,Aladaya Kha,29999,1,2023-12-11T02:04:44.000Z,https://universalis.app/market/2078
2083,Lightning Brand,Dommy-mommy Gator,5000,1,2023-12-13T02:39:31.000Z,https://universalis.app/market/2083
5489,Quicksilver,Lockesly L'crit,5000,1,2023-12-14T03:34:38.000Z,https://universalis.app/market/5489
2093,Vintage Cudgel,Tal'ewain Ashe,3999,1,2023-12-19T22:36:12.000Z,https://universalis.app/market/2093
2068,Damaged Cudgel,Siren Ventura,5000,1,2023-12-07T22:35:57.000Z,https://universalis.app/market/2068
5092,Iron Rivets,Ms Comet,1999,1,2023-12-05T22:18:12.000Z,https://universalis.app/market/5092
2094,Water Brand,Michael Hatsune,20000,1,2023-12-11T00:44:41.000Z,https://universalis.app/market/2094
2097,Jade Scepter,Beren Orome,34999,1,2023-12-26T21:53:09.000Z,https://universalis.app/market/2097
5168,Jade,Harvey Belvedere,2000,20,2023-12-14T02:49:14.000Z,https://universalis.app/market/5168
5439,Ogre Horn,Mephisto Baelfire,10,14,2023-12-07T02:54:31.000Z,https://universalis.app/market/5439
2102,Sanguine Scepter,Wren Rainteau,84799,1,2023-12-21T16:22:32.000Z,https://universalis.app/market/2102
5206,Pinprick Pebble,Sorrie Idialot,174,1,2023-12-03T01:16:36.000Z,https://universalis.app/market/5206
2106,Bone Staff,Keaton Hyaenidasch,20000,1,2023-12-07T19:35:32.000Z,https://universalis.app/market/2106
2107,Ramhorn Staff,Estinien Dragonfire,5000,1,2023-12-03T20:53:54.000Z,https://universalis.app/market/2107
2108,Decorated Bone Staff,Rain Fairbright,1300,1,2023-12-19T04:34:37.000Z,https://universalis.app/market/2108
5442,Bat Fang,Gummy Octopus,450,2,2023-12-11T03:39:29.000Z,https://universalis.app/market/5442
2109,Toothed Ramhorn Staff,Khaja Mol,999,1,2023-12-05T23:11:15.000Z,https://universalis.app/market/2109
2111,Staghorn Staff,Stella A'rtois,18999,1,2023-12-08T04:17:10.000Z,https://universalis.app/market/2111
2116,Sanguine Horn Staff,J'wehli Fasaxo,1100,1,2023-12-12T02:32:46.000Z,https://universalis.app/market/2116
2118,Toothed Staghorn Staff,Remina Kawakami,935,1,2023-12-21T11:47:56.000Z,https://universalis.app/market/2118
2121,Goathorn Staff,Xu'ra Viyashe,4000,1,2023-12-05T22:26:02.000Z,https://universalis.app/market/2121
2123,Toothed Goathorn Staff,Fakhet Ragnall,29989,1,2023-12-04T16:48:58.000Z,https://universalis.app/market/2123
2125,Horn Staff,Vattic Cuthwin,39999,1,2023-12-09T20:16:45.000Z,https://universalis.app/market/2125
2130,Black Horn Staff,Ellory Blanc,7999,1,2023-12-05T23:30:51.000Z,https://universalis.app/market/2130
2133,Ivory Staff,Kohaku Kurohana,45000,1,2023-12-10T22:34:54.000Z,https://universalis.app/market/2133
2136,Giantsgall Longstaff,Hisohka Esmour,6000,1,2023-12-19T01:47:54.000Z,https://universalis.app/market/2136
2139,Astrolabe,Dawn Millz,6880,1,2023-12-06T03:42:19.000Z,https://universalis.app/market/2139
5576,Astrolabe Clinometer,Cedrik Winterbane,2109,2,2023-12-20T02:37:06.000Z,https://universalis.app/market/5576
2143,Leather Grimoire,Ildstorm Djt-dvre,25000,1,2023-12-19T16:53:25.000Z,https://universalis.app/market/2143
5380,Maple Log,Daikon Kogekitsune,500,99,2023-12-08T15:30:54.000Z,https://universalis.app/market/5380
5475,Enchanted Copper Ink,Jay Relius,100,2,2023-12-14T02:53:33.000Z,https://universalis.app/market/5475
2144,Maple Picatrix,Kavarion Sien,4500,1,2023-12-19T17:37:49.000Z,https://universalis.app/market/2144
2145,Engraved Leather Grimoire,Icarus Sundragon,9499,1,2023-12-03T02:12:36.000Z,https://universalis.app/market/2145
5383,Ash Log,Tulip Dewdrop,975,10,2023-12-28T06:43:23.000Z,https://universalis.app/market/5383
2146,Ash Picatrix,Icarus Sundragon,4000,1,2023-12-05T00:15:20.000Z,https://universalis.app/market/2146
2147,Hard Leather Grimoire,Everly Aurora,10000,1,2023-12-15T00:36:40.000Z,https://universalis.app/market/2147
5385,Elm Log,Sanja Lyekhi,500,1,2023-12-11T05:00:25.000Z,https://universalis.app/market/5385
5476,Enchanted Iron Ink,Lok Xiao,179,2,2023-12-12T04:02:33.000Z,https://universalis.app/market/5476
2149,Engraved Hard Leather Grimoire,Zenga Kukatsu,40000,1,2023-12-11T15:57:03.000Z,https://universalis.app/market/2149
5386,Yew Log,Daikon Kogekitsune,600,63,2023-12-10T22:46:08.000Z,https://universalis.app/market/5386
2151,Yew Picatrix,Jaehawk Oh,5550,1,2023-12-20T03:19:47.000Z,https://universalis.app/market/2151
2156,Goatskin Grimoire,Mysha White,15000,1,2023-12-23T00:31:50.000Z,https://universalis.app/market/2156
5477,Enchanted Silver Ink,Shinobi Dm,2000,8,2023-12-27T10:32:10.000Z,https://universalis.app/market/5477
2160,Engraved Goatskin Grimoire,Everly Aurora,18000,1,2023-12-25T22:28:34.000Z,https://universalis.app/market/2160
5388,Walnut Log,Zaphkiel Kiantaris,500,1,2023-12-11T22:39:21.000Z,https://universalis.app/market/5388
2166,Book of Silver,Suguru Geto,13000,1,2023-12-24T17:00:40.000Z,https://universalis.app/market/2166
5390,Oak Log,Umari Kisne,2000,10,2023-12-27T05:32:11.000Z,https://universalis.app/market/5390
2169,Embossed Book of Silver,Yvona Hellebora,18000,1,2023-12-22T00:24:53.000Z,https://universalis.app/market/2169
2174,Book of Mythril,Bobby Hop,24100,1,2023-12-20T15:39:48.000Z,https://universalis.app/market/2174
5346,Flax,Black Bunny,400,33,2023-12-19T12:24:13.000Z,https://universalis.app/market/5346
5478,Enchanted Mythril Ink,Ryukuzo Wintersoul,4000,10,2023-12-18T20:14:29.000Z,https://universalis.app/market/5478
2184,Vintage Picatrix,Caine Redgreave,19999,1,2023-12-11T06:51:09.000Z,https://universalis.app/market/2184
5337,Woolen Yarn,Soft Mono,1799,1,2023-12-11T17:32:00.000Z,https://universalis.app/market/5337
5393,Rosewood Log,Tatsu'momo Sama,429,99,2023-12-09T00:23:11.000Z,https://universalis.app/market/5393
5479,Enchanted Electrum Ink,Rinzler Tudusaku,2000,1,2023-12-11T16:32:47.000Z,https://universalis.app/market/5479
2189,Embossed Book of Electrum,Kino Reinhardt,42000,1,2023-12-08T00:32:34.000Z,https://universalis.app/market/2189
2193,Cantamina Thavnaria,Pikachu Pika,1150,1,2023-12-17T23:19:23.000Z,https://universalis.app/market/2193
5481,Enchanted Rose Gold Ink,Leili Kouris,5002,1,2023-12-26T00:28:11.000Z,https://universalis.app/market/5481
2194,Medica Thavnaria,Arus Soleia,3249,1,2023-12-25T14:15:10.000Z,https://universalis.app/market/2194
2201,Erudite's Picatrix of Healing,Aria Zorah,96699,1,2023-12-12T02:55:10.000Z,https://universalis.app/market/2201
5480,Enchanted Gold Ink,Evyn Sebring,9999,1,2023-12-20T04:40:08.000Z,https://universalis.app/market/5480
5569,Bloody Grimoire Binding,Ankia Tayuun,3999,1,2023-12-26T22:39:12.000Z,https://universalis.app/market/5569
2202,Erudite's Picatrix of Casting,Kael Eirohn,86699,1,2023-12-17T08:06:43.000Z,https://universalis.app/market/2202
2211,Deus Ex Verbis,Pikachu Pika,2000,1,2023-12-18T00:13:50.000Z,https://universalis.app/market/2211
5338,Silk Thread,Tektronix Ice,3000,1,2023-12-23T04:52:10.000Z,https://universalis.app/market/5338
2212,Deus Ex Gratia,Kagome Leonheart,1689,1,2023-12-21T20:07:05.000Z,https://universalis.app/market/2212
2219,Square Maple Shield,Mint Latte,30000000,1,2023-12-27T21:28:16.000Z,https://universalis.app/market/2219
5091,Bronze Rivets,Braun Veiner,500,2,2023-12-08T01:02:37.000Z,https://universalis.app/market/5091
12524,Titanium Nugget,Orion Moonchild,6000,1,2023-12-28T11:05:23.000Z,https://universalis.app/market/12524
12529,Titanium Rivets,Gwynevere Ginwa,9997,1,2023-12-27T05:33:24.000Z,https://universalis.app/market/12529
12658,Dusk Leather,Estella Alius,389555,1,2023-12-30T13:07:02.000Z,https://universalis.app/market/12658
2226,Bronze Hoplon,Mephisto Baelfire,20000,1,2023-12-17T04:19:03.000Z,https://universalis.app/market/2226
5071,Bronze Plate,Atli Asterale,402,1,2023-12-21T20:32:58.000Z,https://universalis.app/market/5071
2228,Round Shield,Miles Vasallo,20000,1,2023-12-29T01:59:32.000Z,https://universalis.app/market/2228
2229,Leather Targe,Dizniel Pheorix,799,1,2023-12-14T21:59:34.000Z,https://universalis.app/market/2229
2230,Bronze Scutum,Versai Tenebria,7000,1,2023-12-12T21:57:23.000Z,https://universalis.app/market/2230
2231,Bronze Buckler,Jolt Eons,5000,1,2023-12-13T21:50:22.000Z,https://universalis.app/market/2231
2233,Square Ash Shield,Queen Tasha,20000,1,2023-12-16T23:25:10.000Z,https://universalis.app/market/2233
2236,Iron Hoplon,Jolt Eons,35000,1,2023-12-13T21:50:32.000Z,https://universalis.app/market/2236
2224,Worm-eaten Square Shield,Bellexis Ter'vash,15000,1,2023-12-07T00:29:46.000Z,https://universalis.app/market/2224
4859,Cider Vinegar,Moreta Orlith,169,2,2023-12-23T18:01:35.000Z,https://universalis.app/market/4859
2241,Iron Lantern Shield,Sophie Stardust,15000000,1,2023-12-06T16:30:35.000Z,https://universalis.app/market/2241
5998,Tallow Candle,Aryian Cosmic,4000,3,2023-12-14T02:52:15.000Z,https://universalis.app/market/5998
2242,Iron Scutum,Stacy Uptime,700,1,2023-12-06T21:31:02.000Z,https://universalis.app/market/2242
2244,Vintage Hoplon,Alt One,18000,1,2023-12-13T21:50:14.000Z,https://universalis.app/market/2244
2225,Tarnished Hoplon,Divinix Windstar,13015,1,2023-12-26T02:31:30.000Z,https://universalis.app/market/2225
2246,Viper-crested Round Shield,Liv Ernstine,9999,1,2023-12-27T08:09:58.000Z,https://universalis.app/market/2246
2248,Iron Kite Shield,Klesko Slayfowl,200,1,2023-12-03T20:38:49.000Z,https://universalis.app/market/2248
2250,Goatskin Targe,Fortuna Lylat,6666,1,2023-12-19T17:01:43.000Z,https://universalis.app/market/2250
5093,Steel Rivets,Corey Nunh,2500,4,2023-12-16T18:47:29.000Z,https://universalis.app/market/5093
2257,Bull Hoplon,Puan Maharana,15000,1,2023-12-04T03:44:34.000Z,https://universalis.app/market/2257
2260,Decorated Buckler,Dommy-mommy Gator,12000,1,2023-12-12T06:15:37.000Z,https://universalis.app/market/2260
2262,Decorated Iron Scutum,Alt One,12999,1,2023-12-16T19:00:40.000Z,https://universalis.app/market/2262
2264,Vintage Buckler,Emperor Snow,9994,1,2023-12-13T23:16:01.000Z,https://universalis.app/market/2264
2268,Bladed Lantern Shield,Mephisto Baelfire,35000,1,2023-12-03T20:16:03.000Z,https://universalis.app/market/2268
2270,Raptorskin Targe,Ryun Strav,40000,1,2023-12-24T04:11:27.000Z,https://universalis.app/market/2270
5099,Mythril Rivets,Bing Xiang,5000,5,2023-12-03T20:08:45.000Z,https://universalis.app/market/5099
2278,Vintage Scutum,Ryuma Heishiro,45000,1,2023-12-26T08:03:34.000Z,https://universalis.app/market/2278
2232,Rusting Scutum,Frozen Yoburt,1001,1,2023-12-26T00:07:16.000Z,https://universalis.app/market/2232
2279,Cobalt Scutum,Sorsha Tears,14999,1,2023-12-05T06:14:57.000Z,https://universalis.app/market/2279
5094,Cobalt Rivets,Tsingani Auros,4999,2,2023-12-19T11:29:50.000Z,https://universalis.app/market/5094
2287,Eagle-crested Round Shield,Miles Vasallo,20000,1,2023-12-29T01:57:04.000Z,https://universalis.app/market/2287
2237,Rotting Round Shield,Willy Again,4023,1,2023-12-26T23:13:14.000Z,https://universalis.app/market/2237
5228,Ragstone,Edgar Dragonsmith,300,4,2023-12-07T04:41:50.000Z,https://universalis.app/market/5228
5517,Lanolin,Theo Toi,362,1,2023-12-08T18:27:49.000Z,https://universalis.app/market/5517
2294,Kite Shield,Von Grim,2500,1,2023-12-14T19:51:07.000Z,https://universalis.app/market/2294
2298,Oxblood Targe,Zoey Knight,37000,1,2023-12-03T00:59:11.000Z,https://universalis.app/market/2298
2259,Scarred Kite Shield,Rodella Feourviere,9000,1,2023-12-16T05:41:08.000Z,https://universalis.app/market/2259
2302,Darksteel Scutum,Quinlan Vos,6055,1,2023-12-12T18:21:15.000Z,https://universalis.app/market/2302
5060,Darksteel Ingot,Djan Flokka,9700,3,2023-12-16T01:45:31.000Z,https://universalis.app/market/5060
5095,Darksteel Rivets,Punished Demon,7500,2,2023-12-29T07:19:02.000Z,https://universalis.app/market/5095
2303,Darksteel Buckler,Apollo Luna,1675,1,2023-12-08T08:22:01.000Z,https://universalis.app/market/2303
2304,Spruce Round Shield,Lunir Malheur,1655,1,2023-12-23T18:18:15.000Z,https://universalis.app/market/2304
5379,Treated Spruce Lumber,Krusos Aureus,25888,3,2023-12-06T22:31:30.000Z,https://universalis.app/market/5379
2315,Bronze Saw,Yung Nosferatu,4350,1,2023-12-17T06:01:10.000Z,https://universalis.app/market/2315
2316,Amateur's Saw,Tuan Nguyen,3008,1,2023-12-05T16:47:58.000Z,https://universalis.app/market/2316
2318,Initiate's Saw,Tyrocco Vandirk,10018,1,2023-12-15T01:57:10.000Z,https://universalis.app/market/2318
2319,Bas-relief Iron Saw,Monkey D'luffy',11026,1,2023-12-22T23:28:23.000Z,https://universalis.app/market/2319
2320,Iron Chocobotail Saw,Lucinne Sarmantoix,2400,1,2023-12-16T04:36:35.000Z,https://universalis.app/market/2320
2321,Bas-relief Steel Saw,Bellexis Ter'vash,17000,1,2023-12-05T03:21:25.000Z,https://universalis.app/market/2321
2322,Crosscut Saw,Konnatelia Strattera,4999,1,2023-12-25T10:11:13.000Z,https://universalis.app/market/2322
2323,Mythril Saw,Destrai Anant,5000,1,2023-12-24T02:28:54.000Z,https://universalis.app/market/2323
2324,Mythril Chocobotail Saw,Beren Orome,800,1,2023-12-23T14:52:11.000Z,https://universalis.app/market/2324
2325,Bas-relief Cobalt Saw,Rayquaza Ex,100000,1,2023-12-16T00:52:02.000Z,https://universalis.app/market/2325
2328,Amateur's Claw Hammer,Yung Nosferatu,4800,1,2023-12-17T05:56:53.000Z,https://universalis.app/market/2328
2329,Bronze Claw Hammer,Shiki Serene,8500,1,2023-12-27T19:40:30.000Z,https://universalis.app/market/2329
2331,Iron Claw Hammer,Naruto Vowels,50000,1,2023-12-20T03:05:15.000Z,https://universalis.app/market/2331
5483,Jellyfish Humours,Atli Asterale,490,2,2023-12-21T20:32:01.000Z,https://universalis.app/market/5483
2332,Initiate's Claw Hammer,Reno Asano,10000,1,2023-12-26T08:04:17.000Z,https://universalis.app/market/2332
2334,Steel Claw Hammer,Bellexis Ter'vash,7001,1,2023-12-05T03:21:31.000Z,https://universalis.app/market/2334
2335,Wrapped Steel Claw Hammer,Alaric Strife,22000,1,2023-12-20T15:42:54.000Z,https://universalis.app/market/2335
5485,Linseed Oil,A'risu Fhey,3500,1,2023-12-17T01:02:48.000Z,https://universalis.app/market/5485
2337,Mythril Claw Hammer,M'ra Niemi,4000,1,2023-12-27T14:40:45.000Z,https://universalis.app/market/2337
2341,Bronze Cross-pein Hammer,Fira Suncrest,1500,1,2023-12-16T19:24:04.000Z,https://universalis.app/market/2341
2342,Amateur's Cross-pein Hammer,Mint Polai,3000,1,2023-12-11T06:42:19.000Z,https://universalis.app/market/2342
2343,Birdsbeak Hammer,Sigurd Snow-hair,25000,1,2023-12-24T16:28:48.000Z,https://universalis.app/market/2343
5325,Undyed Cotton Cloth,Lance Caln,6500,1,2023-12-24T04:39:47.000Z,https://universalis.app/market/5325
2344,Iron Cross-pein Hammer,Mephisto Baelfire,50000,1,2023-12-17T04:38:41.000Z,https://universalis.app/market/2344
2345,Initiate's Cross-pein Hammer,Exeo Ryoth,3021,1,2023-12-21T23:07:36.000Z,https://universalis.app/market/2345
2346,Crowsbeak Hammer,Michael Hatsune,4000,1,2023-12-06T02:34:53.000Z,https://universalis.app/market/2346
2348,Steel Cross-pein Hammer,Tyrocco Vandirk,1999,1,2023-12-15T02:33:53.000Z,https://universalis.app/market/2348
5326,Undyed Velveteen,Saint Gabriel,4999,4,2023-12-12T20:53:29.000Z,https://universalis.app/market/5326
2349,Steel Crowsbeak Hammer,Lexen Atrans,30000,1,2023-12-18T06:15:04.000Z,https://universalis.app/market/2349
2350,Wrapped Crowsbeak Hammer,Destrai Anant,40000,1,2023-12-24T02:29:29.000Z,https://universalis.app/market/2350
2351,Cobalt Cross-pein Hammer,Yuno Ohara,3000,1,2023-12-09T18:15:43.000Z,https://universalis.app/market/2351
2352,Wrapped Hawksbeak Hammer,Dommy-mommy Gator,125000,1,2023-12-08T01:21:29.000Z,https://universalis.app/market/2352
2355,Amateur's File,Queen Tasha,5000,1,2023-12-16T23:25:29.000Z,https://universalis.app/market/2355
2356,Bronze File,Ylava Toad,1009,1,2023-12-20T02:43:28.000Z,https://universalis.app/market/2356
2358,Iron File,Jolt Eons,10021,1,2023-12-15T02:00:52.000Z,https://universalis.app/market/2358
2359,Initiate's File,Versai Tenebria,29999,1,2023-12-12T21:57:04.000Z,https://universalis.app/market/2359
2363,Mythril File,Riu Himuro,40000,1,2023-12-17T18:18:16.000Z,https://universalis.app/market/2363
2364,Cobalt File,Rishu Syer,30000,1,2023-12-16T01:00:51.000Z,https://universalis.app/market/2364
2365,Militia File,Yoshi Yosha,16969,1,2023-12-05T00:08:46.000Z,https://universalis.app/market/2365
2367,Bronze Doming Hammer,Ildstorm Djt-dvre,500,1,2023-12-16T23:40:31.000Z,https://universalis.app/market/2367
2368,Amateur's Doming Hammer,Ylava Toad,1009,1,2023-12-22T01:45:05.000Z,https://universalis.app/market/2368
2369,Bronze Raising Hammer,Thessalia Sylthorn,2011,1,2023-12-21T05:19:00.000Z,https://universalis.app/market/2369
2370,Iron Doming Hammer,Everly Aurora,3016,1,2023-12-13T22:00:53.000Z,https://universalis.app/market/2370
2371,Initiate's Doming Hammer,Erebus Corbeau,10000,1,2023-12-05T05:28:52.000Z,https://universalis.app/market/2371
2373,Wrapped Iron Raising Hammer,Michael Hatsune,500,1,2023-12-16T15:47:54.000Z,https://universalis.app/market/2373
2374,Steel Doming Hammer,Penelope Paprikash,13999,1,2023-12-29T17:39:26.000Z,https://universalis.app/market/2374
2375,Steel Raising Hammer,Tyrocco Vandirk,12000,1,2023-12-15T02:23:42.000Z,https://universalis.app/market/2375
2376,Cobalt Doming Hammer,T'alek Demora,6000,1,2023-12-12T07:19:12.000Z,https://universalis.app/market/2376
2377,Cobalt Raising Hammer,Yami Valeroyant,70110,1,2023-12-03T15:04:08.000Z,https://universalis.app/market/2377
2380,Amateur's Pliers,Ildstorm Djt-dvre,5004,1,2023-12-15T20:48:18.000Z,https://universalis.app/market/2380
2381,Bronze Pliers,Eley Lalafeley,8,1,2023-12-25T04:24:34.000Z,https://universalis.app/market/2381
2383,Iron Pliers,Bexalia Asteria,12001,1,2023-12-14T20:23:16.000Z,https://universalis.app/market/2383
2384,Initiate's Pliers,Tarashi Artemis,2499,1,2023-12-22T05:40:24.000Z,https://universalis.app/market/2384
2386,Steel Pliers,Lexen Atrans,20000,1,2023-12-18T04:12:47.000Z,https://universalis.app/market/2386
2388,Mythril Pliers,Nezuko Urokodaki,25000,1,2023-12-18T03:02:48.000Z,https://universalis.app/market/2388
2389,Cobalt Pliers,Hobert Fish,5000,1,2023-12-11T10:40:32.000Z,https://universalis.app/market/2389
2390,Militia Pliers,Yami Valeroyant,25000,1,2023-12-03T15:03:27.000Z,https://universalis.app/market/2390
2392,Bronze Chaser Hammer,Faris Shima,995,1,2023-12-24T01:16:43.000Z,https://universalis.app/market/2392
2393,Amateur's Chaser Hammer,Waffles Dadapon,4000,1,2023-12-22T14:00:04.000Z,https://universalis.app/market/2393
2394,Bronze Ornamental Hammer,Beastycat Darksider,500,1,2023-12-17T21:19:43.000Z,https://universalis.app/market/2394
2396,Initiate's Chaser Hammer,Jolt Eons,14999,1,2023-12-15T01:55:53.000Z,https://universalis.app/market/2396
2397,Iron Ornamental Hammer,Caleina Hidashi,18000,1,2023-12-04T00:58:43.000Z,https://universalis.app/market/2397
2398,Steel Chaser Hammer,Michael Hatsune,999,1,2023-12-11T00:44:24.000Z,https://universalis.app/market/2398
2399,Steel Ornamental Hammer,Love-punch Jones,4990,1,2023-12-27T00:55:52.000Z,https://universalis.app/market/2399
2400,Mythril Ornamental Hammer,Beer Pup,30000,1,2023-12-07T21:37:33.000Z,https://universalis.app/market/2400
2401,Mythril Lapidary Hammer,Tsukiumi L'cie,12999,1,2023-12-19T06:52:39.000Z,https://universalis.app/market/2401
2402,Electrum Lapidary Hammer,Claire Solange,124999,1,2023-12-14T21:21:54.000Z,https://universalis.app/market/2402
5183,Tourmaline,Fitz N'hans,225,1,2023-12-14T01:27:06.000Z,https://universalis.app/market/5183
2405,Amateur's Grinding Wheel,Beastycat Darksider,105,1,2023-12-17T21:19:18.000Z,https://universalis.app/market/2405
2406,Ragstone Grinding Wheel,Waffles Dadapon,4994,1,2023-12-22T14:00:12.000Z,https://universalis.app/market/2406
2408,Mudstone Grinding Wheel,Ildstorm Djt-dvre,20001,1,2023-12-23T13:02:44.000Z,https://universalis.app/market/2408
5229,Mudstone,Ivrix Tibain,250,10,2023-12-27T19:25:07.000Z,https://universalis.app/market/5229
2409,Initiate's Grinding Wheel,Icarus Sundragon,8888,1,2023-12-16T19:44:19.000Z,https://universalis.app/market/2409
2411,Siltstone Grinding Wheel,Queen Nefferat,10000,1,2023-12-09T17:22:09.000Z,https://universalis.app/market/2411
5231,Siltstone,Thane Kholin,399,99,2023-12-04T03:35:59.000Z,https://universalis.app/market/5231
2413,Garnet Grinding Wheel,Yuki Rena,6000,1,2023-12-12T23:23:51.000Z,https://universalis.app/market/2413
5134,Raw Garnet,Tanis Sands,222,1,2023-12-12T16:07:17.000Z,https://universalis.app/market/5134
2414,Basilisk Grinding Wheel,Buck Bluebell,21107,1,2023-12-19T22:11:57.000Z,https://universalis.app/market/2414
5263,Basilisk Egg,Kavarion Sien,1500,1,2023-12-25T18:22:45.000Z,https://universalis.app/market/5263
2415,Militia Grinding Wheel,Naruto Vowels,104000,1,2023-12-20T02:00:23.000Z,https://universalis.app/market/2415
5158,Astral Rock,Dommy-mommy Gator,1500,4,2023-12-11T22:46:40.000Z,https://universalis.app/market/5158
2417,Bronze Head Knife,Jolt Eons,998,1,2023-12-14T21:34:55.000Z,https://universalis.app/market/2417
2418,Amateur's Head Knife,Beastycat Darksider,750,1,2023-12-17T21:20:28.000Z,https://universalis.app/market/2418
2419,Brass Head Knife,Sae Hana,7011,1,2023-12-06T03:39:03.000Z,https://universalis.app/market/2419
2420,Initiate's Head Knife,Naruto Vowels,30000,1,2023-12-26T00:25:57.000Z,https://universalis.app/market/2420
2421,Iron Round Knife,Texas Rose,726,1,2023-12-12T02:57:21.000Z,https://universalis.app/market/2421
2422,Iron Head Knife,Infernal Ape,15000,1,2023-12-15T05:14:54.000Z,https://universalis.app/market/2422
2424,Steel Round Knife,Exeo Ryoth,5000,1,2023-12-21T23:09:49.000Z,https://universalis.app/market/2424
2425,Mythril Head Knife,Nezuko Urokodaki,20000,1,2023-12-04T23:42:12.000Z,https://universalis.app/market/2425
2426,Mythril Round Knife,Zenga Kukatsu,26000,1,2023-12-04T19:16:55.000Z,https://universalis.app/market/2426
2430,Amateur's Awl,Queen Tasha,4995,1,2023-12-24T00:33:39.000Z,https://universalis.app/market/2430
2431,Bronze Awl,Ildstorm Djt-dvre,4950,1,2023-12-19T22:23:37.000Z,https://universalis.app/market/2431
2433,Iron Awl,Naruto Vowels,50000,1,2023-12-26T00:26:15.000Z,https://universalis.app/market/2433
2434,Initiate's Awl,Eleanor Silvalant,10000,1,2023-12-12T03:09:10.000Z,https://universalis.app/market/2434
2437,Wrapped Steel Awl,Rishu Syer,41000,1,2023-12-06T20:07:05.000Z,https://universalis.app/market/2437
2439,Mythril Awl,Amber Satinlace,21999,1,2023-12-03T01:45:48.000Z,https://universalis.app/market/2439
2440,Cobalt Awl,Bulbus Strombly,40000,1,2023-12-21T15:58:12.000Z,https://universalis.app/market/2440
2441,Militia Awl,Amarintha Winterpeg,25000,1,2023-12-03T18:16:45.000Z,https://universalis.app/market/2441
2443,Copper Needle,Beastycat Darksider,906,1,2023-12-17T21:21:15.000Z,https://universalis.app/market/2443
2444,Bat Fang Needle,Maitreya Ultaira,1500,1,2023-12-13T17:09:28.000Z,https://universalis.app/market/2444
2445,Amateur's Needle,Ildstorm Djt-dvre,20000,1,2023-12-23T13:03:15.000Z,https://universalis.app/market/2445
2446,Brass Needle,Jolt Eons,1000,1,2023-12-15T01:56:43.000Z,https://universalis.app/market/2446
2447,Initiate's Needle,Tross Roaricsted,5000,1,2023-12-05T22:01:22.000Z,https://universalis.app/market/2447
2448,Silver Needle,Artemis Gharial,3500,1,2023-12-21T05:40:14.000Z,https://universalis.app/market/2448
2449,Worm Fang Needle,Beer Pup,2500,1,2023-12-20T05:26:42.000Z,https://universalis.app/market/2449
5447,Sandworm Fang,Celestinea Azurine,200,2,2023-12-13T10:07:39.000Z,https://universalis.app/market/5447
2450,Mythril Needle,Saloon Weench,21994,1,2023-12-04T17:02:17.000Z,https://universalis.app/market/2450
2451,Wolf Fang Needle,Celes Cherie,15000,1,2023-12-12T08:14:20.000Z,https://universalis.app/market/2451
2452,Thousand Needle,Kiji Kij,14879,1,2023-12-10T05:55:39.000Z,https://universalis.app/market/2452
5468,Cactuar Needle,Princess Tsunade,500,1,2023-12-29T22:13:51.000Z,https://universalis.app/market/5468
2453,Electrum Needle,Rayquaza Ex,9969,1,2023-12-16T00:47:25.000Z,https://universalis.app/market/2453
2456,Amateur's Spinning Wheel,Septa Lustramina,3110,1,2023-12-24T01:53:52.000Z,https://universalis.app/market/2456
2457,Ash Spinning Wheel,Erin Joestar,1800,1,2023-12-28T04:24:59.000Z,https://universalis.app/market/2457
2459,Initiate's Spinning Wheel,Koznhevikova Rhiikoro,9000,1,2023-12-10T04:06:56.000Z,https://universalis.app/market/2459
2460,Elm Spinning Wheel,Icarus Sundragon,1000,1,2023-12-09T02:49:04.000Z,https://universalis.app/market/2460
2462,Walnut Spinning Wheel,Von Grim,9999,1,2023-12-09T19:03:12.000Z,https://universalis.app/market/2462
2464,Mahogany Spinning Wheel,Air Eeo,30000,1,2023-12-13T06:03:17.000Z,https://universalis.app/market/2464
2465,Rosewood Spinning Wheel,Khaja Mol,23900,1,2023-12-07T12:02:07.000Z,https://universalis.app/market/2465
2466,Militia Spinning Wheel,Mide Mizuki,24999,1,2023-12-12T19:59:54.000Z,https://universalis.app/market/2466
2468,Bronze Alembic,Solani Vale,120000,1,2023-12-29T05:02:51.000Z,https://universalis.app/market/2468
2469,Amateur's Alembic,Ylava Toad,599,1,2023-12-17T03:46:09.000Z,https://universalis.app/market/2469
2470,Brass Alembic,Mitsuhide Akechi,50,1,2023-12-04T17:26:51.000Z,https://universalis.app/market/2470
2471,Initiate's Alembic,Penelope Paprikash,1400,1,2023-12-24T04:15:20.000Z,https://universalis.app/market/2471
2472,Iron Alembic,Bunana Bread,5000,1,2023-12-08T18:55:20.000Z,https://universalis.app/market/2472
2473,Conical Alembic,Dommy-mommy Gator,22500,1,2023-12-10T00:54:17.000Z,https://universalis.app/market/2473
2474,Steel Alembic,Saheeli Rai,7500,1,2023-12-11T19:50:07.000Z,https://universalis.app/market/2474
2475,Silver Alembic,Era Hess,45000,1,2023-12-22T06:36:06.000Z,https://universalis.app/market/2475
2476,Mythril Alembic,Detective Power,33333,1,2023-12-27T03:51:17.000Z,https://universalis.app/market/2476
2477,Electrum Alembic,Von Grim,13000,1,2023-12-10T17:07:13.000Z,https://universalis.app/market/2477
2478,Thermal Alembic,Edenian Saren,75000,1,2023-12-12T11:24:03.000Z,https://universalis.app/market/2478
2481,Amateur's Mortar,Pennie Hofstadter,6000,1,2023-12-21T06:24:08.000Z,https://universalis.app/market/2481
2482,Bronze Mortar,Sigurd Snow-hair,3409,1,2023-12-14T23:23:28.000Z,https://universalis.app/market/2482
2484,Iron Mortar,Taka Kamuha,5000,1,2023-12-28T01:57:29.000Z,https://universalis.app/market/2484
2485,Initiate's Mortar,Tyrocco Vandirk,7000,1,2023-12-15T02:12:35.000Z,https://universalis.app/market/2485
2487,Steel Mortar,Cicira Cira,10053,1,2023-12-04T22:48:42.000Z,https://universalis.app/market/2487
2488,Heavy Steel Mortar,Saheeli Rai,12000,1,2023-12-11T19:50:37.000Z,https://universalis.app/market/2488
2490,Mythril Mortar,Saya Vampir,19999,1,2023-12-25T21:44:08.000Z,https://universalis.app/market/2490
2494,Bronze Skillet,Scarleth Reinhardt,1500,1,2023-12-05T23:25:28.000Z,https://universalis.app/market/2494
2495,Amateur's Skillet,Scarleth Reinhardt,599,1,2023-12-05T23:34:53.000Z,https://universalis.app/market/2495
2496,Iron Skillet,Ryukuzo Wintersoul,20000,1,2023-12-18T22:28:06.000Z,https://universalis.app/market/2496
2497,Initiate's Skillet,Waynhim Vilesdottir,1000,1,2023-12-16T18:52:17.000Z,https://universalis.app/market/2497
2498,Iron Frypan,Akuma Mir,25000,1,2023-12-06T03:09:54.000Z,https://universalis.app/market/2498
2499,Bomb Frypan,Exeo Ryoth,8995,1,2023-12-04T16:36:55.000Z,https://universalis.app/market/2499
5528,Bomb Ash,Aleksandar Corsain,500,4,2023-12-27T21:12:41.000Z,https://universalis.app/market/5528
2501,White Skillet,Monka Finna'gonna,5000,1,2023-12-19T07:18:59.000Z,https://universalis.app/market/2501
2502,Steel Frypan,Bearen Axer,39999,1,2023-12-04T05:55:01.000Z,https://universalis.app/market/2502
2503,Cobalt Skillet,Mephisto Baelfire,19995,1,2023-12-17T02:02:53.000Z,https://universalis.app/market/2503
2504,Hells' Kitchen,Jayden Vaulkner,75000,1,2023-12-11T00:23:35.000Z,https://universalis.app/market/2504
2507,Amateur's Culinary Knife,Queen Tasha,2999,1,2023-12-26T01:34:43.000Z,https://universalis.app/market/2507
2508,Bronze Culinary Knife,Shado Ka,5009,1,2023-12-15T21:13:16.000Z,https://universalis.app/market/2508
2510,Iron Culinary Knife,Jolt Eons,15001,1,2023-12-15T02:01:47.000Z,https://universalis.app/market/2510
2511,Initiate's Culinary Knife,Akuma Mir,1500,1,2023-12-06T03:09:37.000Z,https://universalis.app/market/2511
2513,Steel Culinary Knife,Iolite Shokaku,9000,1,2023-12-08T03:19:07.000Z,https://universalis.app/market/2513
2514,Wrapped Steel Culinary Knife,Illustrious Clyne,6000,1,2023-12-12T17:56:59.000Z,https://universalis.app/market/2514
2516,Mythril Culinary Knife,Z'taria Minett,50000,1,2023-12-11T15:46:14.000Z,https://universalis.app/market/2516
2517,Cobalt Culinary Knife,Mephisto Baelfire,8099,1,2023-12-17T02:02:47.000Z,https://universalis.app/market/2517
2518,Militia Culinary Knife,Nel Nehru,30000,1,2023-12-21T01:47:53.000Z,https://universalis.app/market/2518
2520,Bronze Pickaxe,Victoria Rose,2450,1,2023-12-11T02:34:49.000Z,https://universalis.app/market/2520
2521,Amateur's Pickaxe,Avalina Darkblood,6900,1,2023-12-24T22:13:20.000Z,https://universalis.app/market/2521
2522,Plumed Bronze Pickaxe,Ylava Toad,25000,1,2023-12-24T02:05:05.000Z,https://universalis.app/market/2522
2523,Iron Pickaxe,Xu'ra Viyashe,49999,1,2023-12-17T14:50:03.000Z,https://universalis.app/market/2523
2524,Initiate's Pickaxe,Trigg Nakamura,10025,1,2023-12-19T22:57:10.000Z,https://universalis.app/market/2524
2525,Iron Dolabra,Remina Kawakami,526,1,2023-12-20T11:19:16.000Z,https://universalis.app/market/2525
2526,Steel Pickaxe,Khanh N',9000,1,2023-12-16T03:01:26.000Z,https://universalis.app/market/2526
2527,Steel Dolabra,Aryian Cosmic,8000,1,2023-12-28T15:28:43.000Z,https://universalis.app/market/2527
2528,Plumed Mythril Pickaxe,Potato Plato,20000,1,2023-12-09T01:18:40.000Z,https://universalis.app/market/2528
5327,Undyed Linen,Bulbus Strombly,1999,3,2023-12-16T12:06:29.000Z,https://universalis.app/market/5327
2529,Cobalt Dolabra,Rishu Syer,55000,1,2023-12-11T20:55:34.000Z,https://universalis.app/market/2529
2530,Egret Dolabra,Calyx Ariti,100000,1,2023-12-04T17:14:26.000Z,https://universalis.app/market/2530
2534,Bronze Sledgehammer,Khanh N',8000,1,2023-12-16T01:14:42.000Z,https://universalis.app/market/2534
2536,Initiate's Sledgehammer,Remina Kawakami,15018,1,2023-12-12T11:41:29.000Z,https://universalis.app/market/2536
2537,Iron Sledgehammer,Nawdie D'fun,500,1,2023-12-06T05:14:15.000Z,https://universalis.app/market/2537
2539,Steel Sledgehammer,Iso Stylz,20000,1,2023-12-03T20:11:39.000Z,https://universalis.app/market/2539
2540,Wrapped Steel Sledgehammer,Mide Mizuki,40000,1,2023-12-26T20:07:15.000Z,https://universalis.app/market/2540
2542,Mythril Sledgehammer,Reinhardt Heavencrest,19999,1,2023-12-22T04:04:05.000Z,https://universalis.app/market/2542
2543,Cobalt Sledgehammer,Divinix Windstar,85000,1,2023-12-11T21:08:41.000Z,https://universalis.app/market/2543
2546,Bronze Hatchet,Laqima Azzy,25000,1,2023-12-21T03:56:21.000Z,https://universalis.app/market/2546
2547,Amateur's Hatchet,Anghara Indigo,1009,1,2023-12-08T13:05:07.000Z,https://universalis.app/market/2547
2548,Iron Hatchet,Cynenway Kazami,3499,1,2023-12-06T01:03:56.000Z,https://universalis.app/market/2548
2549,Initiate's Hatchet,Puss N'boot's,14999,1,2023-12-20T20:26:09.000Z,https://universalis.app/market/2549
2550,Brass Hatchet,Selahna Armon,1026,1,2023-12-17T15:39:08.000Z,https://universalis.app/market/2550
2551,Plumed Iron Hatchet,Zana Nelhah,29999,1,2023-12-03T01:38:05.000Z,https://universalis.app/market/2551
5359,Chocobo Feather,A'risu Fhey,1400,1,2023-12-06T01:55:16.000Z,https://universalis.app/market/5359
2552,Steel Hatchet,Fakhet Ragnall,15000,1,2023-12-20T13:38:00.000Z,https://universalis.app/market/2552
2553,Plumed Steel Hatchet,Exeo Ryoth,7999,1,2023-12-05T21:49:35.000Z,https://universalis.app/market/2553
2554,Mythril Hatchet,Atsui Hono,20070,1,2023-12-11T17:06:40.000Z,https://universalis.app/market/2554
2555,Cobalt Hatchet,Nezuko Urokodaki,30000,1,2023-12-19T03:41:15.000Z,https://universalis.app/market/2555
2556,Horned Hatchet,Calyx Ariti,69420,1,2023-12-04T17:14:38.000Z,https://universalis.app/market/2556
2560,Bronze Scythe,Jolt Eons,20009,1,2023-12-14T02:47:56.000Z,https://universalis.app/market/2560
2562,Iron Scythe,Aquaphoenix Down,20019,1,2023-12-14T11:35:34.000Z,https://universalis.app/market/2562
2563,Initiate's Scythe,Selahna Armon,1029,1,2023-12-17T15:38:58.000Z,https://universalis.app/market/2563
2566,Wrapped Steel Scythe,Katie Yagami,20000,1,2023-12-12T17:07:49.000Z,https://universalis.app/market/2566
2568,Mythril Scythe,Aryian Cosmic,29999,1,2023-12-28T15:24:42.000Z,https://universalis.app/market/2568
2569,Cobalt Scythe,R'akto Tia,16900,1,2023-12-14T01:41:58.000Z,https://universalis.app/market/2569
2572,Maple Fishing Rod,Bruce Leroi,7000,1,2023-12-14T00:18:30.000Z,https://universalis.app/market/2572
2573,Amateur's Fishing Rod,Ylava Toad,97,1,2023-12-23T03:58:57.000Z,https://universalis.app/market/2573
2574,Elm Fishing Rod,Momoka Milkus,10000,1,2023-12-30T11:01:58.000Z,https://universalis.app/market/2574
2575,Initiate's Fishing Rod,Courtney William,50000,1,2023-12-26T22:15:53.000Z,https://universalis.app/market/2575
2576,Yew Fishing Rod,Lily Aura,4000,1,2023-12-13T23:48:13.000Z,https://universalis.app/market/2576
2577,Staghorn Fishing Rod,Fuji Fushigi,7000,1,2023-12-11T11:44:17.000Z,https://universalis.app/market/2577
2578,Walnut Fishing Rod,Arnar Bear's-son,25000,1,2023-12-17T13:55:43.000Z,https://universalis.app/market/2578
2579,Horn Fishing Rod,Syous Branbright,8000,1,2023-12-19T16:35:42.000Z,https://universalis.app/market/2579
2580,Mahogany Fishing Rod,Aly Non,7777,1,2023-12-14T17:01:25.000Z,https://universalis.app/market/2580
2581,Rosewood Fishing Rod,Nihilun Vale,30000,1,2023-12-09T22:23:06.000Z,https://universalis.app/market/2581
2582,Gilded Rosewood Fishing Rod,Calyx Ariti,50000,1,2023-12-04T17:09:04.000Z,https://universalis.app/market/2582
2588,Crayfish Ball,Arilla O'hare,1001,38,2023-12-04T01:51:30.000Z,https://universalis.app/market/2588
4825,Rye Flour,Orion Wil'o,300,30,2023-12-22T03:29:28.000Z,https://universalis.app/market/4825
4925,Crayfish,Penelope Paprikash,2000,1,2023-12-03T06:23:38.000Z,https://universalis.app/market/4925
2589,Goby Ball,Kali Eldevik,999,87,2023-12-10T02:07:01.000Z,https://universalis.app/market/2589
4931,Dusk Goby,Ildstorm Djt-dvre,2500,2,2023-12-15T20:50:16.000Z,https://universalis.app/market/4931
4880,Helmet Crab,Rotten Tomato,2999,2,2023-12-06T08:36:33.000Z,https://universalis.app/market/4880
2595,Bass Ball,Kali Eldevik,299,97,2023-12-08T06:43:13.000Z,https://universalis.app/market/2595
4826,Sunset Wheat Flour,Izumi Midori,311,21,2023-12-12T01:12:17.000Z,https://universalis.app/market/4826
4959,Dark Bass,Theo Toi,2001,73,2023-12-13T04:30:05.000Z,https://universalis.app/market/4959
2598,Herring Ball,I'm Home,700,78,2023-12-25T00:09:34.000Z,https://universalis.app/market/2598
4895,Indigo Herring,Gwell Moko,5300,1,2023-12-12T23:53:54.000Z,https://universalis.app/market/4895
2610,Chocobo Fly,Mix Wovenheart,2500,1,2023-12-09T07:31:06.000Z,https://universalis.app/market/2610
2611,Floating Minnow,Kali Eldevik,500,1,2023-12-08T00:53:33.000Z,https://universalis.app/market/2611
2612,Brass Spoon Lure,Milleuda Folles,499,13,2023-12-03T01:11:51.000Z,https://universalis.app/market/2612
2614,Crow Fly,I'm Home,4500,1,2023-12-08T00:52:50.000Z,https://universalis.app/market/2614
2615,Silver Spoon Lure,X'akhra Tiaque,500,12,2023-12-17T00:23:28.000Z,https://universalis.app/market/2615
2616,Steel Jig,Ola Eldevik,5998,30,2023-12-14T21:00:11.000Z,https://universalis.app/market/2616
2617,Sinking Minnow,Fenix Kha,5008,1,2023-12-30T16:16:00.000Z,https://universalis.app/market/2617
2618,Snurble Fly,Kieran Tor,3000,5,2023-12-05T19:11:32.000Z,https://universalis.app/market/2618
5349,Snurble Tufts,Aze'a Rinoh,1300,2,2023-12-03T03:00:28.000Z,https://universalis.app/market/5349
2619,Heavy Steel Jig,Radegast Railstrom,4400,5,2023-12-27T02:09:19.000Z,https://universalis.app/market/2619
2620,Spinner,Azena Kawanami,4000,5,2023-12-04T04:13:46.000Z,https://universalis.app/market/2620
4900,Whitelip Oyster,Role Play,2500,6,2023-12-17T13:33:16.000Z,https://universalis.app/market/4900
2622,Mythril Spoon Lure,Finwick Shorttail,5000,1,2023-12-09T02:08:10.000Z,https://universalis.app/market/2622
2623,Wildfowl Fly,Lumina Luna,1750,10,2023-12-12T17:21:21.000Z,https://universalis.app/market/2623
2624,Topwater Frog,Miki Chinen,10000,3,2023-12-30T19:44:35.000Z,https://universalis.app/market/2624
2625,Rainbow Spoon Lure,Brooklyn Rage,4000,5,2023-12-03T19:29:54.000Z,https://universalis.app/market/2625
5466,Blacklip Oyster,Paean Drekkie,5000,6,2023-12-24T17:18:33.000Z,https://universalis.app/market/5466
2626,Spinnerbait,Mars Knight,5000,5,2023-12-25T00:58:44.000Z,https://universalis.app/market/2626
5329,Undyed Felt,Grimmjak Jaegerjaquez,28000,1,2023-12-27T21:42:53.000Z,https://universalis.app/market/5329
2627,Streamer,Yitsutsu Yitsu,3000,5,2023-12-22T18:54:45.000Z,https://universalis.app/market/2627
2628,Yumizuno,Davina Merigold,5000,5,2023-12-03T01:59:47.000Z,https://universalis.app/market/2628
2629,Hempen Coif,Zarah Ellismarrah,500,1,2023-12-09T23:47:50.000Z,https://universalis.app/market/2629
2630,Hempen Coif of Gathering,Aloria Clarygin,499,1,2023-12-14T01:58:14.000Z,https://universalis.app/market/2630
2631,Leather Calot,Adamantoise Stash,127862359,1,2023-12-15T15:55:44.000Z,https://universalis.app/market/2631
12590,Ramie Cloth,Methis Rend,9999,1,2023-12-17T16:18:18.000Z,https://universalis.app/market/12590
12595,Ramie Thread,Primula Heart,5000,1,2023-12-10T23:22:03.000Z,https://universalis.app/market/12595
2652,Hempen Bandana,Feathetaria Floraphim,47500000,1,2023-12-09T23:45:32.000Z,https://universalis.app/market/2652
2653,Leather Eyepatch,Whyyou Madbro,23500000,1,2023-12-19T23:34:22.000Z,https://universalis.app/market/2653
2654,Hard Leather Pot Helm,Surly Panther,500,1,2023-12-06T10:12:04.000Z,https://universalis.app/market/2654
2655,Hempen Hat,Darling Doll,1111,1,2023-12-26T18:58:36.000Z,https://universalis.app/market/2655
2656,Bronze Chain Coif,Puss N'boot's,5000,1,2023-12-20T06:56:17.000Z,https://universalis.app/market/2656
5081,Bronze Rings,Jezza Belle,100,2,2023-12-29T06:28:03.000Z,https://universalis.app/market/5081
2658,Straw Hat,Hran Selnir,74806000,1,2023-12-03T21:55:43.000Z,https://universalis.app/market/2658
5342,Straw,Lilymarie Bean,780,99,2023-12-06T02:29:41.000Z,https://universalis.app/market/5342
2660,Amateur's Headgear,Rayquaza Ex,2280,1,2023-12-13T22:48:17.000Z,https://universalis.app/market/2660
2661,Amateur's Hempen Coif,Anghara Indigo,10000,1,2023-12-08T13:05:59.000Z,https://universalis.app/market/2661
2662,Bronze Sallet,Alt One,14999,1,2023-12-07T22:50:24.000Z,https://universalis.app/market/2662
2663,Stablemaid's Hat,Ylava Toad,3000,1,2023-12-17T22:51:24.000Z,https://universalis.app/market/2663
5540,Carnation,Taen Forsteps,11998,1,2023-12-13T14:10:36.000Z,https://universalis.app/market/5540
2664,Bronze Barbut,Sayla Hawkwind,10000,1,2023-12-28T06:13:58.000Z,https://universalis.app/market/2664
2665,Cotton Turban,Astrea Ghost,3006,1,2023-12-18T18:18:10.000Z,https://universalis.app/market/2665
2666,Stablehand's Hat,Zeitgeist Hyuga,5000,1,2023-12-17T16:50:45.000Z,https://universalis.app/market/2666
2668,Brass Spectacles,Aylenn Cole,5005,1,2023-12-03T21:39:27.000Z,https://universalis.app/market/2668
5512,Clear Glass Lens,Motoko Kusanyagi,1000,2,2023-12-03T21:52:49.000Z,https://universalis.app/market/5512
2669,Hard Leather Eyepatch,Sylvana Mul'droth,1007,1,2023-12-18T00:46:02.000Z,https://universalis.app/market/2669
2670,Cotton Scarf,Zakarsis M'oonstalker,20000000,1,2023-12-28T02:05:39.000Z,https://universalis.app/market/2670
2672,Hard Leather Skullcap,Airii Misae,10006,1,2023-12-27T07:11:10.000Z,https://universalis.app/market/2672
2673,Bronze Celata,Sae Hana,2998,1,2023-12-06T03:39:17.000Z,https://universalis.app/market/2673
2675,Ash Mask,Khaja Mol,1008,1,2023-12-05T20:38:44.000Z,https://universalis.app/market/2675
2677,Hunting Hat,Alt One,842,1,2023-12-07T23:32:50.000Z,https://universalis.app/market/2677
2680,Decorated Bronze Barbut,X'ander Kay,40000,1,2023-12-26T01:32:01.000Z,https://universalis.app/market/2680
2685,Brass Circlet (Sunstone),Heimlich Houndeth,3500,1,2023-12-04T00:13:28.000Z,https://universalis.app/market/2685
5169,Sunstone,Monka Finna'gonna,100,14,2023-12-23T10:12:14.000Z,https://universalis.app/market/5169
2687,Brass Circlet (Danburite),Tayto Potato,800,1,2023-12-06T01:29:47.000Z,https://universalis.app/market/2687
5170,Danburite,Du'sada Novaknight,299,3,2023-12-11T03:23:46.000Z,https://universalis.app/market/5170
2689,Brass Circlet (Malachite),Beer Pup,4670,1,2023-12-03T02:23:45.000Z,https://universalis.app/market/2689
5171,Malachite,Ophelia Free,499,2,2023-12-12T01:50:16.000Z,https://universalis.app/market/5171
2691,Brass Circlet (Sphene),Heimlich Houndeth,15000,1,2023-12-04T20:03:37.000Z,https://universalis.app/market/2691
5172,Sphene,Motoko Kusanyagi,200,1,2023-12-03T19:58:12.000Z,https://universalis.app/market/5172
2693,Brass Circlet (Fluorite),Alys Rokuyari,809,1,2023-12-17T17:42:45.000Z,https://universalis.app/market/2693
5173,Fluorite,Edenian Saren,1000,12,2023-12-08T05:41:44.000Z,https://universalis.app/market/5173
2695,Brass Circlet (Lapis Lazuli),Everly Aurora,14009,1,2023-12-19T06:18:44.000Z,https://universalis.app/market/2695
5174,Lapis Lazuli,Divinix Windstar,83,2,2023-12-28T23:32:59.000Z,https://universalis.app/market/5174
2697,Goatskin Pot Helm,Hiromi Toshiko,3000,1,2023-12-13T17:45:44.000Z,https://universalis.app/market/2697
2699,Cotton Coif,Puss N'boot's,8000,1,2023-12-21T20:58:46.000Z,https://universalis.app/market/2699
2700,Cotton Coif of Gathering,Naruto Vowels,3000,1,2023-12-20T03:05:54.000Z,https://universalis.app/market/2700
2703,Ash Mask (Lapis Lazuli),Yeren Atoel,3000,1,2023-12-09T16:11:30.000Z,https://universalis.app/market/2703
2708,Iron Sallet,Renegard Castien,40000,1,2023-12-20T21:50:19.000Z,https://universalis.app/market/2708
2710,Goatskin Eyepatch,False Suspect,20000000,1,2023-12-23T04:35:00.000Z,https://universalis.app/market/2710
2712,Iron Celata,Alys Rokuyari,190,1,2023-12-26T19:12:57.000Z,https://universalis.app/market/2712
5082,Iron Rings,Dia Moonwalker,225,2,2023-12-13T20:19:18.000Z,https://universalis.app/market/5082
2714,Initiate's Headgear,Masha Tayuun,49999,1,2023-12-18T06:58:26.000Z,https://universalis.app/market/2714
2719,Cotton Sugarloaf Hat,Shinobi Kaiyo,30000000,1,2023-12-07T23:49:12.000Z,https://universalis.app/market/2719
2725,Reinforced Iron Sallet,Monkey D'luffy',29000,1,2023-12-22T23:19:28.000Z,https://universalis.app/market/2725
2727,Velveteen Bandana,Tove Irryasch,9000,1,2023-12-15T01:26:52.000Z,https://universalis.app/market/2727
2728,Silver Spectacles,False Promises,18999,1,2023-12-18T04:50:26.000Z,https://universalis.app/market/2728
2729,Velveteen Turban,Alt One,4500,1,2023-12-09T01:28:12.000Z,https://universalis.app/market/2729
2731,Silver Magnifiers,Biehue Arelagee,30000,1,2023-12-09T08:25:19.000Z,https://universalis.app/market/2731
2733,Velveteen Wedge Cap of Crafting,Repede San,2021,1,2023-12-12T00:46:20.000Z,https://universalis.app/market/2733
2734,Velveteen Wedge Cap of Gathering,Kenshiro Arwing,9500,1,2023-12-08T12:22:02.000Z,https://universalis.app/market/2734
2735,Silver Circlet (Garnet),Syous Branbright,20000,1,2023-12-11T20:16:07.000Z,https://universalis.app/market/2735
5175,Garnet,Yuyumuko Sesemuko,700,1,2023-12-03T14:49:59.000Z,https://universalis.app/market/5175
2737,Silver Circlet (Goshenite),Tetele Tele,50000,1,2023-12-14T05:00:44.000Z,https://universalis.app/market/2737
5176,Goshenite,Shinobi Dm,155,2,2023-12-11T10:28:18.000Z,https://universalis.app/market/5176
2739,Silver Circlet (Peridot),Drakina Theders,5000,1,2023-12-09T08:41:18.000Z,https://universalis.app/market/2739
5177,Peridot,Vivian Vacuus,1400,7,2023-12-21T08:12:59.000Z,https://universalis.app/market/5177
2741,Silver Circlet (Heliodor),Odette Farrell,5000,1,2023-12-21T19:05:31.000Z,https://universalis.app/market/2741
5178,Heliodor,Ms Eldari,300,6,2023-12-08T10:07:09.000Z,https://universalis.app/market/5178
2743,Silver Circlet (Amethyst),Zen Verde,19000,1,2023-12-05T04:40:27.000Z,https://universalis.app/market/2743
5179,Amethyst,Yuki Rena,55,1,2023-12-18T21:08:04.000Z,https://universalis.app/market/5179
2745,Silver Circlet (Aquamarine),Dommy-mommy Gator,5000,1,2023-12-04T00:06:04.000Z,https://universalis.app/market/2745
5180,Aquamarine,Motoko Kusanyagi,200,1,2023-12-03T19:13:21.000Z,https://universalis.app/market/5180
2750,Velveteen Beret,Exeo Ryoth,20000,1,2023-12-21T23:02:19.000Z,https://universalis.app/market/2750
5343,Cotton Boll,Winters Fang,500,11,2023-12-11T09:55:41.000Z,https://universalis.app/market/5343
5355,Dodo Feather,Xiao Nemeseos,500,10,2023-12-10T16:05:50.000Z,https://universalis.app/market/5355
2753,Steel Sallet,Sindalf Sindalf,39999,1,2023-12-03T04:24:24.000Z,https://universalis.app/market/2753
2755,Steel Celata,Shion Chos,10000000,1,2023-12-11T23:43:46.000Z,https://universalis.app/market/2755
2757,Vintage Celata,Alt One,42999,1,2023-12-16T19:00:49.000Z,https://universalis.app/market/2757
2758,Steel Goggles,Sapphire Sil'feria,36290000,1,2023-12-16T19:43:45.000Z,https://universalis.app/market/2758
2763,Velveteen Sugarloaf Hat,Yoru Taiyo,20000,1,2023-12-24T21:32:06.000Z,https://universalis.app/market/2763
2767,Skull Eyepatch,Fede Leonhart,39990,1,2023-12-28T01:49:08.000Z,https://universalis.app/market/2767
2769,Mythril Magnifiers,Sarah Nofux,8900,1,2023-12-03T22:44:28.000Z,https://universalis.app/market/2769
2774,Mythril Spectacles,Cidon Hudon,30000,1,2023-12-03T05:25:01.000Z,https://universalis.app/market/2774
2776,Linen Turban,Alrek Brandt,20000,1,2023-12-18T14:22:47.000Z,https://universalis.app/market/2776
2778,Angler's Hat,Vagabond Daddy,9000,1,2023-12-06T00:04:09.000Z,https://universalis.app/market/2778
2779,Linen Hat,Titan Flamebringer,5000,1,2023-12-25T03:05:44.000Z,https://universalis.app/market/2779
2785,Vintage Chef's Hat,Choji Akimichi,20000,1,2023-12-20T23:12:56.000Z,https://universalis.app/market/2785
2786,Steel Barbut,Bigg Jr,5000,1,2023-12-13T11:02:53.000Z,https://universalis.app/market/2786
2788,Boarskin Pot Helm,Froo Defroo,15000,1,2023-12-13T06:37:40.000Z,https://universalis.app/market/2788
2790,Mythril Circlet (Rubellite),Caine Redgreave,25000,1,2023-12-11T06:52:33.000Z,https://universalis.app/market/2790
5181,Rubellite,Remi Sett,1000,1,2023-12-05T01:31:20.000Z,https://universalis.app/market/5181
2792,Mythril Circlet (Zircon),Freki Farulv,20000,1,2023-12-17T03:59:10.000Z,https://universalis.app/market/2792
5182,Zircon,Liam Lockharte,939,1,2023-12-28T08:36:37.000Z,https://universalis.app/market/5182
2796,Mythril Circlet (Amber),Unkle Moose,1000,1,2023-12-19T02:47:09.000Z,https://universalis.app/market/2796
5184,Amber,Aleksandar Corsain,3000,1,2023-12-28T03:09:58.000Z,https://universalis.app/market/5184
2798,Mythril Circlet (Spinel),Kohaku Kurohana,35000,1,2023-12-06T00:28:48.000Z,https://universalis.app/market/2798
5185,Spinel,Felix Deliciae,699,1,2023-12-09T03:24:11.000Z,https://universalis.app/market/5185
2800,Mythril Circlet (Turquoise),Opal Silkmoth,6999,1,2023-12-11T01:19:34.000Z,https://universalis.app/market/2800
5186,Turquoise,Haru Takayama,250,5,2023-12-22T04:31:33.000Z,https://universalis.app/market/5186
2802,Mythril Elmo,Violette Rosa,33000,1,2023-12-11T05:15:42.000Z,https://universalis.app/market/2802
2804,Linen Wedge Cap of Crafting,Monka Finna'gonna,8500,1,2023-12-19T02:36:48.000Z,https://universalis.app/market/2804
2805,Linen Wedge Cap of Gathering,Garvoa Nexilium,5000,1,2023-12-06T02:06:15.000Z,https://universalis.app/market/2805
2806,Woolen Coif,Alexia Dragonstorm,20000,1,2023-12-17T01:47:09.000Z,https://universalis.app/market/2806
5328,Undyed Woolen Cloth,Bocchizilla Kadar,4999,2,2023-12-29T00:15:41.000Z,https://universalis.app/market/5328
2808,Woolen Coif of Gathering,Adriel Anak,28000,1,2023-12-04T02:50:44.000Z,https://universalis.app/market/2808
2810,Woolen Turban,Lilja Tjade,12000,1,2023-12-21T08:15:18.000Z,https://universalis.app/market/2810
2812,Mythril Celata,Blix Aska,15000,1,2023-12-06T05:06:19.000Z,https://universalis.app/market/2812
5089,Mythril Rings,Devan Malic,3000,1,2023-12-21T03:50:04.000Z,https://universalis.app/market/5089
2814,Woolen Hat,Clubs Rainbows,20000,1,2023-12-05T23:42:57.000Z,https://universalis.app/market/2814
2816,Linen Deerstalker,Rein Drage,30000,1,2023-12-07T09:38:02.000Z,https://universalis.app/market/2816
2817,Mythril Barbut,Abby Whelihan,20000,1,2023-12-20T21:27:22.000Z,https://universalis.app/market/2817
2819,Mythril Mesail,Kiyan Felonvoid,15000,1,2023-12-21T06:45:38.000Z,https://universalis.app/market/2819
2829,Woolen Beret,Ralia Lunafell,39999,1,2023-12-03T05:15:37.000Z,https://universalis.app/market/2829
5348,Apkallu Down,Nishi Il,2000,99,2023-12-15T11:26:57.000Z,https://universalis.app/market/5348
2830,Reinforced Mythril Elmo,Ash Brogen,49999,1,2023-12-13T20:40:20.000Z,https://universalis.app/market/2830
2832,Woolen Cavalier's Hat,Niriya' Sunrider,9000,1,2023-12-05T07:41:22.000Z,https://universalis.app/market/2832
2834,Cobalt Preserves,Michael Hatsune,30000,1,2023-12-11T01:30:18.000Z,https://universalis.app/market/2834
2835,Felt Coif,Yoshi Yosha,10050,1,2023-12-04T03:25:00.000Z,https://universalis.app/market/2835
2837,Felt Coif of Gathering,Felynx Cronus,9500,1,2023-12-17T22:57:10.000Z,https://universalis.app/market/2837
2850,Cobalt Elmo,R'akto Tia,10000,1,2023-12-14T01:42:12.000Z,https://universalis.app/market/2850
2852,Felt Hat,Only Cosm,30000,1,2023-12-03T21:11:54.000Z,https://universalis.app/market/2852
2854,Woolen Deerstalker,Touma Artwell,12000,1,2023-12-08T03:37:24.000Z,https://universalis.app/market/2854
2855,Vintage Jester's Cap,Unkupo Zeno,8000,1,2023-12-07T12:21:37.000Z,https://universalis.app/market/2855
2857,Electrum Monocle,Miss Cruvty,17484,1,2023-12-11T08:05:40.000Z,https://universalis.app/market/2857
5087,Brass Rings,Motoko Kusanyagi,69,1,2023-12-03T19:43:30.000Z,https://universalis.app/market/5087
2859,Cobalt Barbut,Nebuwu Misamo,78000,1,2023-12-26T17:36:40.000Z,https://universalis.app/market/2859
2861,Cobalt Mesail,Kiji Kij,75000,1,2023-12-11T23:11:17.000Z,https://universalis.app/market/2861
2862,Raptorskin Pot Helm,Koznhevikova Rhiikoro,45000,1,2023-12-13T03:17:18.000Z,https://universalis.app/market/2862
2870,Electrum Circlet (Rubellite),Buck Bluebell,40000,1,2023-12-19T03:42:12.000Z,https://universalis.app/market/2870
2872,Electrum Circlet (Zircon),Wineburg Wellss,200000000,1,2023-12-12T06:48:27.000Z,https://universalis.app/market/2872
2876,Electrum Circlet (Amber),Sakuku Saku,39999,1,2023-12-05T00:37:09.000Z,https://universalis.app/market/2876
2878,Electrum Circlet (Spinel),Kohaku Kurohana,50061,1,2023-12-07T23:12:32.000Z,https://universalis.app/market/2878
2880,Electrum Circlet (Turquoise),Alidiana Elliotosha,4500,1,2023-12-03T18:46:18.000Z,https://universalis.app/market/2880
2882,Rainmaker's Hat,Saeda Nifiri,29997,1,2023-12-18T18:17:08.000Z,https://universalis.app/market/2882
5084,Cobalt Rings,Texas Rose,560,1,2023-12-14T23:01:09.000Z,https://universalis.app/market/5084
2886,Felt Beret,Julie Spicer,48000,1,2023-12-03T04:00:33.000Z,https://universalis.app/market/2886
2888,Vintage Coif,Sumi Jizutsu,29000,1,2023-12-10T02:35:12.000Z,https://universalis.app/market/2888
2759,Torn Coif,Arasen Angura,999,1,2023-12-24T08:04:45.000Z,https://universalis.app/market/2759
2891,Felt Cavalier's Hat,Hamburger Help-me,58000,1,2023-12-28T04:28:26.000Z,https://universalis.app/market/2891
2893,Cobalt Sallet,Beer Pup,55000,1,2023-12-20T05:26:24.000Z,https://universalis.app/market/2893
2895,Patrician's Wedge Cap,Jalil Sularn,40065,1,2023-12-16T23:56:15.000Z,https://universalis.app/market/2895
2911,Militia Barbut,Coffee Rat,2072,1,2023-12-21T02:54:49.000Z,https://universalis.app/market/2911
2912,Militia Armet,Repede San,1900,1,2023-12-04T08:22:52.000Z,https://universalis.app/market/2912
2915,Silver Tricorne,Astrea Ghost,2200,1,2023-12-15T22:40:22.000Z,https://universalis.app/market/2915
5287,Uraeus Leather,Lysette Vissalia,9000,1,2023-12-12T19:02:03.000Z,https://universalis.app/market/5287
2921,Blacksmith's Goggles,Glynda Windynn,9999,1,2023-12-04T09:48:21.000Z,https://universalis.app/market/2921
2922,Armorer's Visor,Sylvana Mul'droth,9999,1,2023-12-15T18:24:08.000Z,https://universalis.app/market/2922
2923,Goldsmith's Turban,Gouiya Cal'reign,50000,1,2023-12-19T08:35:28.000Z,https://universalis.app/market/2923
2926,Alchemist's Monocle,Rayquaza Ex,50000,1,2023-12-16T00:43:18.000Z,https://universalis.app/market/2926
2927,Culinarian's Hat,Jenkshi Ura,34250,1,2023-12-27T04:15:04.000Z,https://universalis.app/market/2927
2929,Hamlet Cutter's Hat,Rev Rhanithil,50000,1,2023-12-19T19:08:26.000Z,https://universalis.app/market/2929
2930,Hamlet Puller's Hat,Shrimpies Esquire,17000,1,2023-12-03T05:36:29.000Z,https://universalis.app/market/2930
2932,Rose Gold Circlet,Misty Thistle,1998,1,2023-12-29T21:41:55.000Z,https://universalis.app/market/2932
2931,Legionary Visor,Eona Claymore,30000000,1,2023-12-29T19:35:00.000Z,https://universalis.app/market/2931
5067,Rose Gold Ingot,Oghul Bayaqud,500,1,2023-12-24T12:04:55.000Z,https://universalis.app/market/5067
2933,Imperial Operative Tricorne,Mandy Noble,1072,1,2023-12-10T04:50:54.000Z,https://universalis.app/market/2933
2934,Imperial Operative Hat,Onii Chan'root,4801,1,2023-12-03T05:08:11.000Z,https://universalis.app/market/2934
2938,Gryphonskin Bandana,Torsten Foxe,1299,1,2023-12-13T20:04:41.000Z,https://universalis.app/market/2938
5289,Hard Hippogryph Leather,Jaibi Snow,3000,1,2023-12-16T23:28:36.000Z,https://universalis.app/market/5289
2939,Gryphonskin Hat,Va'lette Ny'nax,1889,1,2023-12-04T23:44:14.000Z,https://universalis.app/market/2939
5085,Darksteel Rings,Prince Popoto,200,2,2023-12-23T02:28:53.000Z,https://universalis.app/market/5085
2941,Vanya Hat of Casting,Bryja Bysnoe,25000,1,2023-12-23T10:58:06.000Z,https://universalis.app/market/2941
5577,Vanya Silk Hat Lining,Didri Winterset,2000,2,2023-12-16T02:48:49.000Z,https://universalis.app/market/5577
2942,Vanya Hat of Healing,Lemur Breaker,14979,1,2023-12-04T00:58:32.000Z,https://universalis.app/market/2942
2958,Hempen Dalmatica,Klev Killmore,250,1,2023-12-16T16:27:30.000Z,https://universalis.app/market/2958
2959,Hempen Dalmatica of Gathering,Khloe Aliapoh,265000000,1,2023-12-16T19:58:27.000Z,https://universalis.app/market/2959
2960,Hempen Tunic,Jcnegi Lrxefr,300000000,1,2023-12-15T22:45:50.000Z,https://universalis.app/market/2960
2961,Hempen Kurta,Willow Riversong,20000000,1,2023-12-12T01:20:28.000Z,https://universalis.app/market/2961
2993,Company Tabard,Cicely Memoire,1399000,1,2023-12-03T19:27:18.000Z,https://universalis.app/market/2993
2996,Hempen Undershirt,Phreki Iriq,6666,1,2023-12-17T19:22:36.000Z,https://universalis.app/market/2996
2997,Hempen Camise,Saya Yukimura,10000000,1,2023-12-14T03:30:09.000Z,https://universalis.app/market/2997
2999,Hempen Tabard,Alt One,15000,1,2023-12-07T22:18:00.000Z,https://universalis.app/market/2999
3000,Hempen Cowl,Icarus Blue,100,1,2023-12-12T19:27:25.000Z,https://universalis.app/market/3000
3001,Hempen Shepherd's Tunic,Aeri Beri,4000,1,2023-12-29T23:42:04.000Z,https://universalis.app/market/3001
3008,Hempen Acton,Ildstorm Djt-dvre,5000,1,2023-12-16T23:41:04.000Z,https://universalis.app/market/3008
5341,Moko Grass,Bellexis Ter'vash,400,2,2023-12-04T19:13:39.000Z,https://universalis.app/market/5341
3010,Hempen Halfrobe,Rishu Syer,3998,1,2023-12-30T00:24:41.000Z,https://universalis.app/market/3010
3011,Bronze Haubergeon,Ildstorm Djt-dvre,18000,1,2023-12-17T20:10:40.000Z,https://universalis.app/market/3011
3013,Amateur's Doublet Vest,Zarah Ellismarrah,1500,1,2023-12-14T19:12:18.000Z,https://universalis.app/market/3013
3014,Amateur's Kurta,Creepy Doll,87100000,1,2023-12-08T15:34:41.000Z,https://universalis.app/market/3014
3015,Amateur's Dalmatica,Aquaphoenix Down,5000,1,2023-12-13T07:43:12.000Z,https://universalis.app/market/3015
3016,Leather Jacket,Bubbles Nightshade,3000,1,2023-12-03T22:03:41.000Z,https://universalis.app/market/3016
3017,Hard Leather Harness,Sigurd Snow-hair,15000,1,2023-12-17T23:40:40.000Z,https://universalis.app/market/3017
3018,Hempen Robe,Kitt Moana,5008,1,2023-12-06T02:31:57.000Z,https://universalis.app/market/3018
3019,Hempen Doublet Vest of Crafting,Lexen Atrans,9000,1,2023-12-17T21:47:10.000Z,https://universalis.app/market/3019
3022,Cotton Shirt,Shado Ka,3001,1,2023-12-21T00:08:25.000Z,https://universalis.app/market/3022
3023,Cotton Shepherd's Tunic,Emerald Sil'feria,39100000,1,2023-12-16T19:45:53.000Z,https://universalis.app/market/3023
3024,Cotton Cowl,Wisty Faelira,20000000,1,2023-12-16T15:57:12.000Z,https://universalis.app/market/3024
3026,Bronze Cuirass,Sigurd Snow-hair,2111,1,2023-12-24T16:28:30.000Z,https://universalis.app/market/3026
3028,Cotton Tabard,Ziriel Kore,500,1,2023-12-06T19:54:28.000Z,https://universalis.app/market/3028
3036,Cotton Dalmatica,Yugiri Kinugawa,50000,1,2023-12-23T02:36:23.000Z,https://universalis.app/market/3036
3038,Cotton Dalmatica of Gathering,Zarah Ellismarrah,20000,1,2023-12-18T19:14:54.000Z,https://universalis.app/market/3038
3039,Cotton Acton,Rayquaza Ex,45000,1,2023-12-20T01:57:52.000Z,https://universalis.app/market/3039
3041,Cotton Kurta,Umari Kisne,2013,1,2023-12-27T02:41:08.000Z,https://universalis.app/market/3041
3045,Iron Cuirass,Remina Kawakami,400,1,2023-12-20T11:19:26.000Z,https://universalis.app/market/3045
3050,Cotton Halfrobe,Noah Hunt,9000,1,2023-12-16T20:03:00.000Z,https://universalis.app/market/3050
3052,Cotton Doublet Vest of Crafting,Jolt Eons,49999,1,2023-12-15T01:46:50.000Z,https://universalis.app/market/3052
3053,Cotton Doublet Vest of Gathering,Nell Higgins,42000,1,2023-12-03T13:14:16.000Z,https://universalis.app/market/3053
3060,Cotton Trapper's Tunic,Ume Oryian,9999,1,2023-12-05T18:55:32.000Z,https://universalis.app/market/3060
3062,Cotton Robe,Maxx Alexandros,5000,1,2023-12-07T11:32:54.000Z,https://universalis.app/market/3062
3064,Initiate's Doublet Vest,Noah Hunt,10000,1,2023-12-09T00:23:01.000Z,https://universalis.app/market/3064
3065,Initiate's Gown,Stella Solaris,12000,1,2023-12-12T04:00:44.000Z,https://universalis.app/market/3065
3066,Velveteen Shirt,Alt One,6000,1,2023-12-09T01:28:32.000Z,https://universalis.app/market/3066
3068,Heavy Iron Armor,Wolph Fonfabre,1026,1,2023-12-25T07:15:34.000Z,https://universalis.app/market/3068
3076,Vintage Coatee,Emperor Snow,21980,1,2023-12-15T19:20:59.000Z,https://universalis.app/market/3076
3009,Moth-eaten Coatee,Jalil Sularn,5000,1,2023-12-16T22:22:36.000Z,https://universalis.app/market/3009
3077,Velveteen Coatee of Crafting,Anikira Hopheart,21000,1,2023-12-07T07:43:17.000Z,https://universalis.app/market/3077
3090,Velveteen Cowl,Equitess Trusedale,19999,1,2023-12-09T03:39:25.000Z,https://universalis.app/market/3090
3092,Velveteen Coatee of Gathering,Firran Nocturne,10000,1,2023-12-11T11:13:48.000Z,https://universalis.app/market/3092
3096,Steel Chainmail,Fakhet Ragnall,29999,1,2023-12-04T16:48:16.000Z,https://universalis.app/market/3096
5083,Steel Rings,Bluu Rae,2250,14,2023-12-25T14:19:45.000Z,https://universalis.app/market/5083
3099,Toadskin Jerkin,Sev Slatin,25500,1,2023-12-06T22:53:14.000Z,https://universalis.app/market/3099
3100,Toadskin Jacket,Ume Kaujin,29999,1,2023-12-05T05:08:59.000Z,https://universalis.app/market/3100
3102,Steel Cuirass,Alt One,3999,1,2023-12-12T22:12:09.000Z,https://universalis.app/market/3102
3104,Velveteen Gown,Soma Hena,50000,1,2023-12-30T17:22:37.000Z,https://universalis.app/market/3104
3105,Vintage Doublet Vest,Divinix Windstar,39999,1,2023-12-15T04:52:19.000Z,https://universalis.app/market/3105
2998,Frayed Cotton Doublet Vest,Jalil Sularn,848,1,2023-12-16T22:28:35.000Z,https://universalis.app/market/2998
3106,Velveteen Robe,Nechaev Casillas,29999,1,2023-12-23T03:46:26.000Z,https://universalis.app/market/3106
3118,Steel Scale Mail,Token Kirito,14999,1,2023-12-08T20:58:30.000Z,https://universalis.app/market/3118
3120,Velveteen Doublet Vest of Crafting,Asher Acorn,39000,1,2023-12-12T01:16:40.000Z,https://universalis.app/market/3120
3121,Velveteen Doublet Vest of Gathering,Caleina Hidashi,35000,1,2023-12-18T23:48:16.000Z,https://universalis.app/market/3121
3125,Linen Shirt,Bread Nbutter,29999,1,2023-12-03T05:52:12.000Z,https://universalis.app/market/3125
3127,Heavy Steel Armor,Sirius Berg,13998,1,2023-12-20T21:16:23.000Z,https://universalis.app/market/3127
3131,Linen Robe,Titan Flamebringer,2000,1,2023-12-25T03:05:52.000Z,https://universalis.app/market/3131
3137,Vintage Chef's Apron,Z'taria Minett,22500,1,2023-12-11T15:46:58.000Z,https://universalis.app/market/3137
3012,Stained Chef's Apron,Seth Gunnhildr,3650,1,2023-12-07T11:58:38.000Z,https://universalis.app/market/3012
3138,Boarskin Harness,Koznhevikova Rhiikoro,35000,1,2023-12-12T01:39:35.000Z,https://universalis.app/market/3138
3140,Linen Cowl,Nihilun Vale,25000,1,2023-12-04T00:57:52.000Z,https://universalis.app/market/3140
3142,Horn Scale Mail,Favorite Stepchild,25000,1,2023-12-08T03:07:52.000Z,https://universalis.app/market/3142
3144,Linen Coatee of Crafting,Catnip Lacroix,40000,1,2023-12-19T22:23:54.000Z,https://universalis.app/market/3144
3145,Linen Coatee of Gathering,Von Grim,15000,1,2023-12-09T05:50:51.000Z,https://universalis.app/market/3145
3146,Linen Bliaud,Alexia Dragonstorm,25000,1,2023-12-17T01:46:59.000Z,https://universalis.app/market/3146
3147,Woolen Shirt,Dino Nuggies,20000,1,2023-12-14T09:36:50.000Z,https://universalis.app/market/3147
3149,Mythril Cuirass,Mephisto Baelfire,49999,1,2023-12-17T04:37:32.000Z,https://universalis.app/market/3149
3160,Woolen Robe,Shar Leeze,11077,1,2023-12-09T17:09:22.000Z,https://universalis.app/market/3160
3162,Linen Smock,Yugami Ex,30000,1,2023-12-16T06:21:20.000Z,https://universalis.app/market/3162
3163,Linen Doublet,Kumac Nunes,26950,1,2023-12-28T00:36:50.000Z,https://universalis.app/market/3163
3164,Vintage Scale Mail,Abby Whelihan,39999,1,2023-12-20T21:27:30.000Z,https://universalis.app/market/3164
3021,Blackened Scale Mail,Yum Cookies,500,1,2023-12-29T00:19:46.000Z,https://universalis.app/market/3021
3165,Peisteskin Harness,Sumi Jizutsu,30000,1,2023-12-09T02:21:13.000Z,https://universalis.app/market/3165
3174,Mythril Haubergeon,Rita San,26000,1,2023-12-08T04:58:45.000Z,https://universalis.app/market/3174
3176,Woolen Gown,Ralia Lunafell,39999,1,2023-12-03T05:15:45.000Z,https://universalis.app/market/3176
3177,Boarskin Jerkin,Kaja Futhke,38499,1,2023-12-29T20:15:10.000Z,https://universalis.app/market/3177
3178,Woolen Bliaud,Miana Himeko,2996,1,2023-12-22T16:44:51.000Z,https://universalis.app/market/3178
3180,High Mythril Armor,Leonidas Qitta,75000,1,2023-12-19T09:59:59.000Z,https://universalis.app/market/3180
3182,Vintage Seneschal Coatee,Amarintha Winterpeg,24000,1,2023-12-07T04:34:05.000Z,https://universalis.app/market/3182
3183,Tortoiseshell Scale Mail,Seren Bancroft,26000,1,2023-12-05T02:01:38.000Z,https://universalis.app/market/3183
3185,Felt Robe,Lani Kedves,24989,1,2023-12-29T03:46:33.000Z,https://universalis.app/market/3185
3187,Woolen Smock,Sumi Jizutsu,19999,1,2023-12-10T02:35:39.000Z,https://universalis.app/market/3187
3188,Woolen Doublet,Star Sil'feria,477900000,1,2023-12-23T18:41:03.000Z,https://universalis.app/market/3188
3191,Raptorskin Harness,De'roh Tia,29995,1,2023-12-07T23:06:59.000Z,https://universalis.app/market/3191
3201,Rainmaker's Tunic,T'falah Thyellas,23997,1,2023-12-19T06:41:24.000Z,https://universalis.app/market/3201
3203,Cobalt Haubergeon,Era Hess,49998,1,2023-12-28T20:27:28.000Z,https://universalis.app/market/3203
3205,Felt Gown,Harebrain Firebrew,68000,1,2023-12-12T02:26:20.000Z,https://universalis.app/market/3205
3206,Raptorskin Jerkin,Jhinx Gibberson,54999,1,2023-12-29T00:24:40.000Z,https://universalis.app/market/3206
3208,Vintage Robe,Nyth Goria,30250,1,2023-12-23T04:01:43.000Z,https://universalis.app/market/3208
3209,Cobalt Cuirass,Nyanko Latte,50000,1,2023-12-23T06:01:02.000Z,https://universalis.app/market/3209
3211,Felt Bliaud,Monkey D'luffy',50000,1,2023-12-22T23:20:08.000Z,https://universalis.app/market/3211
3213,Raptorskin Jacket,Ophelia Free,30000,1,2023-12-11T00:58:18.000Z,https://universalis.app/market/3213
3215,Patrician's Coatee,Potato Plato,44999,1,2023-12-19T01:46:02.000Z,https://universalis.app/market/3215
3218,Vintage Haubergeon,Hazardous Lemonz,28000,1,2023-12-14T23:30:29.000Z,https://universalis.app/market/3218
3059,Ripped Haubergeon,Jenova Reign,950,1,2023-12-13T21:41:05.000Z,https://universalis.app/market/3059
3231,Armorer's Gown,Aura Fran,16999,1,2023-12-03T03:45:16.000Z,https://universalis.app/market/3231
3232,Goldsmith's Doublet,Gouiya Cal'reign,44999,1,2023-12-19T08:35:25.000Z,https://universalis.app/market/3232
3233,Leatherworker's Shirt,Tarot Ashencloak,46000,1,2023-12-11T19:42:23.000Z,https://universalis.app/market/3233
3236,Culinarian's Apron,Z'taria Minett,50000,1,2023-12-11T17:58:23.000Z,https://universalis.app/market/3236
3237,Miner's Shirt,Raidne Achlys,50000,1,2023-12-12T15:19:13.000Z,https://universalis.app/market/3237
3238,Botanist's Doublet,Aliste Silvertail,70000,1,2023-12-10T01:42:10.000Z,https://universalis.app/market/3238
3239,Fisher's Shirt,Yxeng Tataraji,49900,1,2023-12-20T18:11:12.000Z,https://universalis.app/market/3239
3240,Militia Robe,Sophitia Ashdown,1901,1,2023-12-09T23:24:41.000Z,https://universalis.app/market/3240
3241,Militia Cuirass,Sylvi Ost,14000,1,2023-12-19T01:34:57.000Z,https://universalis.app/market/3241
3242,Militia Harness,Kitt Moana,13999,1,2023-12-05T07:57:13.000Z,https://universalis.app/market/3242
3243,Mosshorn Scale Mail,Renji Almiraj,7888,1,2023-12-10T15:03:19.000Z,https://universalis.app/market/3243
5437,Mossy Horn,Veneria Foreshadow,650,1,2023-12-19T23:17:31.000Z,https://universalis.app/market/5437
3244,Dodore Doublet,T'alek Demora,60000,1,2023-12-12T07:16:40.000Z,https://universalis.app/market/3244
5286,Dodore Leather,Stray Ali-cat,500,2,2023-12-12T16:52:19.000Z,https://universalis.app/market/5286
3249,Imperial Operative Dalmatica,Silvia Mehdre,3750,1,2023-12-09T19:06:29.000Z,https://universalis.app/market/3249
3256,Heavy Darksteel Armor,You're Doomed,6908,1,2023-12-04T20:52:36.000Z,https://universalis.app/market/3256
5585,Darksteel Breastplate,Didri Winterset,2000,2,2023-12-16T02:50:20.000Z,https://universalis.app/market/5585
3257,Darksteel Haubergeon,Zenga Kukatsu,2000,1,2023-12-24T12:18:46.000Z,https://universalis.app/market/3257
5105,Garlean Steel Plate,Cedryn Polymetis,364,3,2023-12-20T03:56:05.000Z,https://universalis.app/market/5105
3258,Gryphonskin Jerkin,Toriyo Kiba,9480,1,2023-12-04T20:43:59.000Z,https://universalis.app/market/3258
5290,Coeurl Fur,Annya Linz,175,2,2023-12-17T15:08:14.000Z,https://universalis.app/market/5290
5581,Gryphonskin Shoulder Guards,Cedrik Winterbane,2000,2,2023-12-20T02:37:47.000Z,https://universalis.app/market/5581
3259,Gryphonskin Tunic,Nov'a Nhaesin,1989,1,2023-12-15T14:04:56.000Z,https://universalis.app/market/3259
5104,Garlean Steel Joint,Sir Wakkaluca,444,1,2023-12-25T21:48:40.000Z,https://universalis.app/market/5104
3260,Vanya Robe of Casting,Cerwyn Cassidy,9999,1,2023-12-17T13:33:50.000Z,https://universalis.app/market/3260
5578,Vanya Silk Robe Lining,Didri Winterset,2000,2,2023-12-16T02:49:00.000Z,https://universalis.app/market/5578
3261,Vanya Robe of Healing,Loren Primrose,8499,1,2023-12-17T18:14:28.000Z,https://universalis.app/market/3261
3274,Hempen Breeches,Kethix Olara,30000,1,2023-12-19T15:29:12.000Z,https://universalis.app/market/3274
3275,Hempen Breeches of Crafting,Yuki Rena,900,1,2023-12-17T17:24:15.000Z,https://universalis.app/market/3275
3276,Hempen Shepherd's Slops,Itty Middie,34995,1,2023-12-23T20:21:22.000Z,https://universalis.app/market/3276
3307,Hempen Underpants,Versai Tenebria,5000,1,2023-12-12T21:58:20.000Z,https://universalis.app/market/3307
3308,Hempen Pantalettes,Vylette Valentine,45000000,1,2023-12-07T02:24:05.000Z,https://universalis.app/market/3308
3309,Hempen Chausses,Sigdish Gro'robug,2111,1,2023-12-22T04:30:08.000Z,https://universalis.app/market/3309
3310,Leather Culottes,Mango Parfait,30000000,1,2023-12-25T21:06:46.000Z,https://universalis.app/market/3310
3311,Hempen Sarouel,Ume Oryian,10000,1,2023-12-11T06:18:48.000Z,https://universalis.app/market/3311
3312,Hempen Tights,Nistia Kerra,50002,1,2023-12-10T04:46:55.000Z,https://universalis.app/market/3312
3313,Hempen Kecks,Saren Blackthorne,1500,1,2023-12-15T06:58:15.000Z,https://universalis.app/market/3313
3314,Hempen Gaskins,Tokii Ulbright,15000,1,2023-12-07T17:57:49.000Z,https://universalis.app/market/3314
3315,Amateur's Slops,Kyrselda Tsalahn,5000,1,2023-12-03T02:58:28.000Z,https://universalis.app/market/3315
3316,Amateur's Breeches,Icarus Blue,25000,1,2023-12-12T19:27:46.000Z,https://universalis.app/market/3316
3317,Hempen Bottoms,Meg'thee Stallion,10006,1,2023-12-03T23:16:57.000Z,https://universalis.app/market/3317
3318,Hempen Trousers,Razberry Wulf,10006,1,2023-12-18T18:10:23.000Z,https://universalis.app/market/3318
3319,Hard Leather Subligar,Terrace De'tusk,9000,1,2023-12-22T07:10:40.000Z,https://universalis.app/market/3319
3320,Striped Cotton Slops,Anghara Indigo,10000,1,2023-12-20T11:47:31.000Z,https://universalis.app/market/3320
3321,Cotton Sarouel,Sylvana Mul'droth,9000,1,2023-12-18T00:46:41.000Z,https://universalis.app/market/3321
3322,Cotton Shepherd's Slops,Zarah Ellismarrah,10000,1,2023-12-18T19:15:19.000Z,https://universalis.app/market/3322
3325,Padded Hempen Trousers,Remina Kawakami,1200,1,2023-12-16T05:15:08.000Z,https://universalis.app/market/3325
3327,Cotton Tights,Yoruichi Shiho'in,33999,1,2023-12-27T01:25:06.000Z,https://universalis.app/market/3327
3332,Cotton Trousers,Koznhevikova Rhiikoro,5000,1,2023-12-18T02:43:34.000Z,https://universalis.app/market/3332
3334,Cotton Breeches,Ifritson Firedude,19998,1,2023-12-17T01:55:02.000Z,https://universalis.app/market/3334
3336,Cotton Breeches of Crafting,Masha Tayuun,99999,1,2023-12-18T06:58:55.000Z,https://universalis.app/market/3336
3337,Goatskin Brais,Ashoka Dara,500,1,2023-12-03T08:24:33.000Z,https://universalis.app/market/3337
3339,Padded Cotton Trousers,Bexalia Asteria,4000,1,2023-12-12T22:35:31.000Z,https://universalis.app/market/3339
3341,Initiate's Slops,Sapphire Silferia,486460000,1,2023-12-23T18:39:50.000Z,https://universalis.app/market/3341
3343,Cotton Gaskins,Leo Knightus,15550,1,2023-12-29T23:13:07.000Z,https://universalis.app/market/3343
3345,Cotton Kecks,Larielis Elanesse,6000,1,2023-12-20T15:33:21.000Z,https://universalis.app/market/3345
3348,Velveteen Chausses,Repede San,10000,1,2023-12-12T00:47:08.000Z,https://universalis.app/market/3348
3349,Velveteen Sarouel,Alt One,18000,1,2023-12-09T01:28:57.000Z,https://universalis.app/market/3349
3351,Velveteen Sarouel of Gathering,Rubion Elricht,29899,1,2023-12-14T22:22:51.000Z,https://universalis.app/market/3351
3352,Heavy Iron Flanchard,Courtney William,16029,1,2023-12-26T07:50:47.000Z,https://universalis.app/market/3352
3354,Striped Velveteen Slops,Apple Achew,15000,1,2023-12-04T00:52:14.000Z,https://universalis.app/market/3354
3355,Velveteen Tights,Rin Yunakari,49999,1,2023-12-17T19:56:57.000Z,https://universalis.app/market/3355
3363,Velveteen Bottoms,Saheeli Rai,20000,1,2023-12-14T15:04:04.000Z,https://universalis.app/market/3363
3365,Velveteen Trousers,Folly Crown,5000,1,2023-12-20T00:26:13.000Z,https://universalis.app/market/3365
3367,Toadskin Brais,Yuli Chan,20000,1,2023-12-09T15:02:46.000Z,https://universalis.app/market/3367
3369,Toadskin Culottes,Saheeli Rai,18000,1,2023-12-11T19:48:09.000Z,https://universalis.app/market/3369
3370,Padded Velveteen Trousers,Oskii Oaaa,2041,1,2023-12-08T04:53:17.000Z,https://universalis.app/market/3370
3372,Velveteen Gaskins,Catnip Lacroix,20000,1,2023-12-18T02:20:29.000Z,https://universalis.app/market/3372
3377,Toadskin Breeches,Token Kirito,20000,1,2023-12-08T20:58:47.000Z,https://universalis.app/market/3377
3379,Linen Chausses,Hideki Maneru,8000,1,2023-12-04T07:23:38.000Z,https://universalis.app/market/3379
3383,Linen Sarouel,Alrek Brandt,6000,1,2023-12-18T14:23:24.000Z,https://universalis.app/market/3383
3385,Linen Sarouel of Gathering,Neptune Xiii,15060,1,2023-12-06T23:32:47.000Z,https://universalis.app/market/3385
3386,Heavy Steel Flanchard,Alt One,20000,1,2023-12-13T21:51:39.000Z,https://universalis.app/market/3386
3397,Linen Tights,Caine Redgreave,19999,1,2023-12-11T06:52:57.000Z,https://universalis.app/market/3397
