id,name,buyerName,pricePerUnit,quantity,timestamp,universalisUrl
1602,Bronze Bastard Sword,Naomi Kusakari,9000,1,2023-06-01T02:36:27.000Z,https://universalis.app/market/1602
2,Fire Shard,Valtemont Arscelin,400,24,2023-06-11T18:14:05.000Z,https://universalis.app/market/2
5,Earth Shard,Tayto Potato,211,23,2023-06-02T01:00:33.000Z,https://universalis.app/market/5
5056,Bronze Ingot,Corkie Nowski,597,8,2023-06-01T02:57:04.000Z,https://universalis.app/market/5056
5361,Maple Lumber,Kana Xiao,188,1,2023-06-27T05:25:47.000Z,https://universalis.app/market/5361
5432,Bone Chip,Based Highwind,500,8,2023-06-03T07:11:05.000Z,https://universalis.app/market/5432
1603,Viking Sword,Lune Marpierre,10000,1,2023-06-04T17:22:39.000Z,https://universalis.app/market/1603
5275,Leather,Lunaros Mendrithi,124,1,2023-06-02T01:50:30.000Z,https://universalis.app/market/5275
1604,Ash Macuahuitl,Mystique Tia,3990,1,2023-06-18T02:21:56.000Z,https://universalis.app/market/1604
3,Ice Shard,Alice Nasiri,349,200,2023-06-12T06:38:20.000Z,https://universalis.app/market/3
4,Wind Shard,Seke Fortiscue,200,100,2023-06-20T01:15:43.000Z,https://universalis.app/market/4
5124,Obsidian,Saad Maan,190,12,2023-06-03T15:00:38.000Z,https://universalis.app/market/5124
5364,Ash Lumber,Andrew Altaris,7300,4,2023-06-07T08:04:58.000Z,https://universalis.app/market/5364
1605,Bronze Spatha,Kira Kaibyo,3000,1,2023-06-11T23:53:03.000Z,https://universalis.app/market/1605
5276,Hard Leather,Tiugh Athair,249,1,2023-06-22T00:38:36.000Z,https://universalis.app/market/5276
5434,Ram Horn,Asteria Sha,100,1,2023-06-05T19:56:56.000Z,https://universalis.app/market/5434
1607,Brass Bastard Sword,Grimsveldr Dvraesgard,5000,1,2023-06-12T09:22:28.000Z,https://universalis.app/market/1607
5063,Brass Ingot,Welliam Skelliam,1000,2,2023-06-16T01:06:31.000Z,https://universalis.app/market/5063
1609,Brass Viking Sword,Vero Peeter,10000,1,2023-06-09T06:51:01.000Z,https://universalis.app/market/1609
5277,Aldgoat Leather,Warriolis Dragonic,4000,2,2023-06-03T11:52:01.000Z,https://universalis.app/market/5277
1611,Carnage Sword,Bubbles Nightshade,5000,1,2023-06-07T17:27:49.000Z,https://universalis.app/market/1611
1614,Iron Shortsword,Valek Thunderfist,4750,1,2023-06-15T12:07:32.000Z,https://universalis.app/market/1614
5057,Iron Ingot,Shandarie Brynnil,4000,5,2023-06-01T03:55:17.000Z,https://universalis.app/market/5057
5367,Elm Lumber,Akiri Shimizu,2500,1,2023-06-19T12:45:11.000Z,https://universalis.app/market/5367
1622,Iron Spatha,Maya Alimont,3000,1,2023-06-03T23:59:03.000Z,https://universalis.app/market/1622
5435,Antelope Horn,Lilian Yoon,1100,1,2023-06-08T12:47:30.000Z,https://universalis.app/market/5435
1625,Steel Broadsword,Exavier Ronin,20000,1,2023-06-04T20:03:34.000Z,https://universalis.app/market/1625
5058,Steel Ingot,Flexing Pumper,3379,2,2023-06-25T19:59:02.000Z,https://universalis.app/market/5058
5371,Walnut Lumber,Cero Kazehara,9999,2,2023-06-14T03:16:42.000Z,https://universalis.app/market/5371
5444,Wolf Fang,Checks Mix,2999,2,2023-06-03T14:26:47.000Z,https://universalis.app/market/5444
1627,Elm Macuahuitl,Vero Peeter,5000,1,2023-06-09T07:11:59.000Z,https://universalis.app/market/1627
1633,Steel Falchion,Kyoki Amaru,35000,1,2023-06-03T13:31:31.000Z,https://universalis.app/market/1633
5260,Siltstone Whetstone,Rudolph Redwind,10000,1,2023-06-23T02:11:42.000Z,https://universalis.app/market/5260
1635,Vintage Bastard Sword,Venus Rising,3499,1,2023-06-06T18:30:07.000Z,https://universalis.app/market/1635
8,Fire Crystal,Neko Purpleash,300,73,2023-06-09T01:57:21.000Z,https://universalis.app/market/8
5259,Mudstone Whetstone,Dontonberry's Grudge,1700,23,2023-06-10T21:10:10.000Z,https://universalis.app/market/5259
1637,Walnut Macuahuitl,Lune Marpierre,6000,1,2023-06-17T04:53:43.000Z,https://universalis.app/market/1637
5125,Wyvern Obsidian,Ms Eldari,100,10,2023-06-26T09:38:35.000Z,https://universalis.app/market/5125
1639,Steel Longsword,Luna Aquaria,15000,1,2023-06-17T21:23:49.000Z,https://universalis.app/market/1639
5504,Fish Glue,Squeeb Squabbo,500,2,2023-06-04T14:24:27.000Z,https://universalis.app/market/5504
1642,Goblin Scimitar,Emperor Snow,25000,1,2023-06-17T20:49:47.000Z,https://universalis.app/market/1642
1643,Mythril Broadsword,Lucius Brightstone,20000,1,2023-06-05T21:23:56.000Z,https://universalis.app/market/1643
5065,Mythril Ingot,Debroye Paharo,4700,5,2023-06-16T03:14:08.000Z,https://universalis.app/market/5065
5373,Oak Lumber,Zeru Pendragon,2979,2,2023-06-17T03:35:32.000Z,https://universalis.app/market/5373
1648,Vintage Viking Sword,Nova Velvetstar,10000,1,2023-06-21T17:46:43.000Z,https://universalis.app/market/1648
11,Earth Crystal,Zmega Slayer,175,50,2023-06-16T20:35:33.000Z,https://universalis.app/market/11
1649,Goblin Longsword,Saros Kha,20000,1,2023-06-03T01:57:29.000Z,https://universalis.app/market/1649
1621,Blunt Goblin Longsword,Kol Alfrothul,10500,1,2023-06-11T09:52:37.000Z,https://universalis.app/market/1621
5262,Basilisk Whetstone,Maxx Alexandros,2000,4,2023-06-22T13:24:13.000Z,https://universalis.app/market/5262
1650,Plumed Oak Macuahuitl,Javava Leto,16000,1,2023-06-14T17:09:30.000Z,https://universalis.app/market/1650
5360,Wildfowl Feather,Welsh Barrett,4500,1,2023-06-14T17:34:23.000Z,https://universalis.app/market/5360
1657,Cobalt Katzbalger,Vicenzo Volpe,8421,1,2023-06-15T20:53:36.000Z,https://universalis.app/market/1657
5059,Cobalt Ingot,Yumi Rokuyari,6000,3,2023-06-04T01:38:54.000Z,https://universalis.app/market/5059
5066,Electrum Ingot,Ajax Hughes,4000,3,2023-06-28T02:09:04.000Z,https://universalis.app/market/5066
5282,Boar Leather,Netalia Lackless,5000,1,2023-06-01T01:55:03.000Z,https://universalis.app/market/5282
1659,Cobalt Shamshir,Syn Skywalkur,48899,1,2023-06-05T17:39:44.000Z,https://universalis.app/market/1659
5436,Aldgoat Horn,Goth-bunnyvamp Gothic,10000,2,2023-06-06T22:14:39.000Z,https://universalis.app/market/5436
1663,Cobalt Winglet,Nice Coat,50899,1,2023-06-01T23:01:41.000Z,https://universalis.app/market/1663
5374,Mahogany Lumber,Sundavr Softsky,3500,1,2023-06-01T12:56:27.000Z,https://universalis.app/market/5374
5465,Sunrise Tellin,Asteria Sha,1000,3,2023-06-05T22:01:05.000Z,https://universalis.app/market/5465
5505,Horn Glue,X'sol Iceblood,15000,6,2023-06-14T05:26:52.000Z,https://universalis.app/market/5505
1666,Giantsgall Longsword,Mathu Arrior,3500,1,2023-06-01T10:11:48.000Z,https://universalis.app/market/1666
18,Lightning Cluster,C'tadhara Kettha,500,100,2023-06-15T00:08:46.000Z,https://universalis.app/market/18
19,Water Cluster,Disfraz Ashmaw,349,101,2023-06-01T03:41:20.000Z,https://universalis.app/market/19
7620,Diluted Vitriol,Nyx Severin,2000,1,2023-06-21T07:56:05.000Z,https://universalis.app/market/7620
1670,Aeolian Scimitar,Oniki Kardama,94707,1,2023-06-02T00:19:35.000Z,https://universalis.app/market/1670
1636,Blunt Aeolian Scimitar,Lunar Cry,800,1,2023-06-28T04:17:02.000Z,https://universalis.app/market/1636
5061,Darksteel Nugget,Makkie Sweetheart,5000,5,2023-06-03T11:51:14.000Z,https://universalis.app/market/5061
1673,Mailbreaker,Amber Izumi,2998,1,2023-06-07T13:08:16.000Z,https://universalis.app/market/1673
14,Fire Cluster,Amunaptra Atem,229,101,2023-06-23T14:44:54.000Z,https://universalis.app/market/14
17,Earth Cluster,Amber Wood,200,101,2023-06-25T10:44:30.000Z,https://universalis.app/market/17
5068,Rose Gold Nugget,Knomis Rothchilde,10002,1,2023-06-28T00:30:30.000Z,https://universalis.app/market/5068
5288,Hippogryph Leather,Kovah Payne,900,1,2023-06-03T23:22:42.000Z,https://universalis.app/market/5288
5570,Mailbreaker Blade,Crimson Myst,6000,1,2023-06-16T14:28:44.000Z,https://universalis.app/market/5570
1681,Bone Hora,Gregory Bigdong,15000,1,2023-06-23T16:26:51.000Z,https://universalis.app/market/1681
5318,Animal Sinew,A'dara Rosewood,110,1,2023-06-10T03:48:42.000Z,https://universalis.app/market/5318
1682,Leather Himantes,Ziero Ymir,286,1,2023-06-04T21:18:37.000Z,https://universalis.app/market/1682
5324,Undyed Hempen Cloth,Drefen Raexs,499,99,2023-06-03T18:24:05.000Z,https://universalis.app/market/5324
1683,Ramhorn Claws,Jasper James,4000,1,2023-06-11T02:43:06.000Z,https://universalis.app/market/1683
1684,Bronze Knuckles,Celix Naline,10000,1,2023-06-15T05:35:48.000Z,https://universalis.app/market/1684
1685,Hard Leather Himantes,Orochi Long,10,1,2023-06-03T05:12:15.000Z,https://universalis.app/market/1685
1686,Brass Knuckles,Michin Saekki,1800,1,2023-06-11T06:29:16.000Z,https://universalis.app/market/1686
1688,Goatskin Cesti,Despair Meowmuch,9524,1,2023-06-01T18:54:39.000Z,https://universalis.app/market/1688
5319,Beast Sinew,Yorha Zinnia,1500,5,2023-06-21T14:44:49.000Z,https://universalis.app/market/5319
1694,Spiked Knuckles,Zero Amiya,15500,1,2023-06-22T17:56:12.000Z,https://universalis.app/market/1694
5072,Iron Plate,Wave Valentine,2000,10,2023-06-07T12:56:20.000Z,https://universalis.app/market/5072
1697,Toadskin Cesti,Dino Punch-kick,20000,1,2023-06-04T21:14:18.000Z,https://universalis.app/market/1697
5280,Toad Leather,Charles Cadence,2500,5,2023-06-11T03:15:39.000Z,https://universalis.app/market/5280
5320,Diremite Sinew,Aeryn Morningstar,499,99,2023-06-04T16:39:45.000Z,https://universalis.app/market/5320
1699,Steel Claws,Bella Boomer,5000,1,2023-06-09T22:46:36.000Z,https://universalis.app/market/1699
5073,Steel Plate,Buumee Bubberson,4999,2,2023-06-04T21:44:10.000Z,https://universalis.app/market/5073
1706,Crabshell Hora,Danny Astle,15998,1,2023-06-24T21:46:59.000Z,https://universalis.app/market/1706
5321,Hippogryph Sinew,Corkie Nowski,1000,3,2023-06-11T15:55:02.000Z,https://universalis.app/market/5321
5456,Green Megalocrab Shell,Ms Eldari,690,1,2023-06-14T20:39:18.000Z,https://universalis.app/market/5456
1708,Boarskin Himantes,Buffyy Sphiinnxx,15000,1,2023-06-09T22:21:50.000Z,https://universalis.app/market/1708
1711,Mythril Claws,Winter Vermillion,22500,1,2023-06-07T00:35:43.000Z,https://universalis.app/market/1711
5079,Mythril Plate,Northern Lite,3002,1,2023-06-10T07:07:05.000Z,https://universalis.app/market/5079
1716,Tortoiseshell Hora,Vex Colter,8000,1,2023-06-02T04:09:17.000Z,https://universalis.app/market/1716
5322,Raptor Sinew,Yamichka Honmicha,5000,2,2023-06-06T23:20:30.000Z,https://universalis.app/market/5322
5458,Adamantoise Shell,Johnny Pop'erz,49,3,2023-06-06T21:10:01.000Z,https://universalis.app/market/5458
1723,Cobalt Knuckles,Sylladae Orolonis,39999,1,2023-06-03T15:45:52.000Z,https://universalis.app/market/1723
1728,Peisteskin Cesti,Aria Nova,10000,1,2023-06-18T18:50:13.000Z,https://universalis.app/market/1728
5284,Peiste Leather,Despair Meowmuch,1800,1,2023-06-05T15:53:12.000Z,https://universalis.app/market/5284
1732,Vintage Hora,Loki Soulscar,15000,1,2023-06-14T23:52:40.000Z,https://universalis.app/market/1732
1701,Chipped Hora,Renari Invictus,500,1,2023-06-18T15:15:40.000Z,https://universalis.app/market/1701
5285,Raptor Leather,Zeddicuszul Zorander,3000,10,2023-06-08T12:35:47.000Z,https://universalis.app/market/5285
1733,Cobalt Claws,Pancake Syrup,28000,1,2023-06-03T14:55:31.000Z,https://universalis.app/market/1733
5074,Cobalt Plate,Sasuga Suga,25000,2,2023-06-03T18:05:28.000Z,https://universalis.app/market/5074
1740,Wildling's Cesti,Alriol Walker,99800,1,2023-06-26T23:05:04.000Z,https://universalis.app/market/1740
10,Wind Crystal,Ja Bright,175,55,2023-06-02T15:56:23.000Z,https://universalis.app/market/10
5567,Bloody Cesti Covers,Methis Rend,3016,1,2023-06-12T22:03:49.000Z,https://universalis.app/market/5567
1743,Avengers,Mo Moon,1990,1,2023-06-24T22:44:42.000Z,https://universalis.app/market/1743
5378,Spruce Lumber,Mushu Suki,12000,1,2023-06-24T09:05:30.000Z,https://universalis.app/market/5378
5571,Avenger Grips,Maou Sama,2000,2,2023-06-28T02:44:31.000Z,https://universalis.app/market/5571
1750,Bronze War Axe,Eurys Nocturn,500,1,2023-06-21T23:54:01.000Z,https://universalis.app/market/1750
1751,Bronze Labrys,Dontonberry's Grudge,1900,1,2023-06-10T23:15:40.000Z,https://universalis.app/market/1751
1752,Cloud Axe,Valek Thunderfist,1500,1,2023-06-08T06:31:56.000Z,https://universalis.app/market/1752
1754,Iron War Axe,Ama Yeboah,10000,1,2023-06-11T01:42:13.000Z,https://universalis.app/market/1754
1756,Iron Labrys,Celix Naline,10000,1,2023-06-22T05:08:48.000Z,https://universalis.app/market/1756
1758,Inferno Axe,Tayto Potato,3000,1,2023-06-20T16:10:54.000Z,https://universalis.app/market/1758
1764,Iron Bill,Orgoth Malus,19999,1,2023-06-04T18:27:14.000Z,https://universalis.app/market/1764
4856,Clove Oil,Saoirse Flynn,7002,1,2023-06-02T14:35:16.000Z,https://universalis.app/market/4856
5368,Yew Lumber,Zmega Slayer,1000,1,2023-06-03T12:49:16.000Z,https://universalis.app/market/5368
1766,Thunderstorm Axe,Kaede Harukaze,499,1,2023-06-15T22:41:45.000Z,https://universalis.app/market/1766
5064,Silver Ingot,Kovah Payne,4000,1,2023-06-02T01:54:29.000Z,https://universalis.app/market/5064
1769,Spiked Steel Labrys,Safrar Estrella,4000,1,2023-06-10T17:09:57.000Z,https://universalis.app/market/1769
1776,Steel Bardiche,Lorcan O'connor,10000,1,2023-06-11T21:58:37.000Z,https://universalis.app/market/1776
5405,Yew Branch,Kairi Nobody,1000,9,2023-06-02T02:55:49.000Z,https://universalis.app/market/5405
1778,Steel Bhuj,Kazuma Kuchiki,35000,1,2023-06-20T23:37:59.000Z,https://universalis.app/market/1778
1781,Spiked Mythril Labrys,Erden Ejinn,21999,1,2023-06-23T19:29:25.000Z,https://universalis.app/market/1781
1786,Mythril Bhuj,Freiana Fayte,24500,1,2023-06-18T08:39:25.000Z,https://universalis.app/market/1786
1796,Buccaneer's Bardiche,Aramus Aramil,39999,1,2023-06-01T01:48:20.000Z,https://universalis.app/market/1796
5414,Rosewood Branch,Astra Archeron,500,10,2023-06-01T22:01:33.000Z,https://universalis.app/market/5414
1800,Vintage Bill,Aurii Margie,22000,1,2023-06-18T23:42:08.000Z,https://universalis.app/market/1800
1771,Notched Bill,Rewriter Sylveon,1000,1,2023-06-05T23:25:54.000Z,https://universalis.app/market/1771
1801,Demilune Bhuj,Pancake Syrup,35000,1,2023-06-01T12:33:15.000Z,https://universalis.app/market/1801
5196,Jadeite,Arianna Sushi,1999,2,2023-06-08T06:39:05.000Z,https://universalis.app/market/5196
1803,Spiked Cobalt Labrys,Yamichka Honmicha,30000,1,2023-06-10T00:15:57.000Z,https://universalis.app/market/1803
5376,Rosewood Lumber,Lucien Lightborn,3500,1,2023-06-01T01:11:49.000Z,https://universalis.app/market/5376
1806,Giantsgall War Axe,Cloud's Grave,248,1,2023-06-05T05:04:35.000Z,https://universalis.app/market/1806
7580,Mossy Stone Axe,Nyx Severin,20,1,2023-06-21T07:46:38.000Z,https://universalis.app/market/7580
1810,Barbarian's Bardiche,Alura Verdieu,99900,1,2023-06-18T22:01:06.000Z,https://universalis.app/market/1810
5566,Bloody Bardiche Head,Didrianna Winterset,2500,1,2023-06-15T02:57:35.000Z,https://universalis.app/market/5566
1813,Rampager,Rudayus Greyrat,19996,1,2023-06-02T15:06:04.000Z,https://universalis.app/market/1813
5075,Darksteel Plate,Shandarie Brynnil,7000,5,2023-06-01T03:42:52.000Z,https://universalis.app/market/5075
5572,Rampager Head,Rita Haygen,2500,2,2023-06-03T15:16:41.000Z,https://universalis.app/market/5572
1820,Bone Harpoon,Reinoheart Asylan,7000,1,2023-06-13T05:13:24.000Z,https://universalis.app/market/1820
5503,Animal Glue,Alice Argo,750,1,2023-06-16T02:34:07.000Z,https://universalis.app/market/5503
1821,Bronze Spear,Addison Amory,2999,1,2023-06-13T06:38:07.000Z,https://universalis.app/market/1821
5482,Fish Oil,Grier Grien,500,1,2023-06-11T12:18:17.000Z,https://universalis.app/market/5482
1822,Ramhorn Harpoon,Dezkiimro Avagnar,508,1,2023-06-14T08:32:36.000Z,https://universalis.app/market/1822
1823,Feathered Harpoon,Evelynn Yui,20000,1,2023-06-03T19:44:23.000Z,https://universalis.app/market/1823
5352,Crow Feather,Ivarie Zenta,2500,2,2023-06-19T14:29:10.000Z,https://universalis.app/market/5352
5433,Soiled Femur,Mia Neko-qo'te,75,24,2023-06-04T01:57:20.000Z,https://universalis.app/market/5433
1824,Brass Spear,Gareth Noveria,2300,1,2023-06-27T16:47:24.000Z,https://universalis.app/market/1824
1825,Iron Spear,Illidari Nightfall,5000,1,2023-06-12T04:24:45.000Z,https://universalis.app/market/1825
1827,Iron Lance,Hakai Subete,39998,1,2023-06-25T19:12:07.000Z,https://universalis.app/market/1827
1833,Iron Guisarme,Lachelle Voras,1750,1,2023-06-07T08:14:55.000Z,https://universalis.app/market/1833
1836,Silver Battle Fork,Aruna Steele,3000,1,2023-06-13T01:14:23.000Z,https://universalis.app/market/1836
5484,Crab Oil,Maotou Xiao,3500,1,2023-06-01T08:58:40.000Z,https://universalis.app/market/5484
1838,Steel Halberd,Grinklo Dieumont,25000,1,2023-06-16T23:28:38.000Z,https://universalis.app/market/1838
1845,Steel Spear,Estinien Dragonfire,49999,1,2023-06-04T13:55:55.000Z,https://universalis.app/market/1845
1847,Heavy Steel Lance,Sorceress Knight,29000,1,2023-06-27T23:46:13.000Z,https://universalis.app/market/1847
1850,Yarzonshell Harpoon,Spine Grinder,17500,1,2023-06-17T06:32:13.000Z,https://universalis.app/market/1850
5454,Yellow Yarzon Leg,Sushi Monster,100,5,2023-06-04T15:17:41.000Z,https://universalis.app/market/5454
1855,Mythril Lance,Familiar Knight,60000,1,2023-06-09T23:33:05.000Z,https://universalis.app/market/1855
1862,Cobalt Halberd,Supreme Tacos,49999,1,2023-06-19T05:29:03.000Z,https://universalis.app/market/1862
1867,Cobalt Trident,Nonaka Sakiko,15000,1,2023-06-01T20:08:36.000Z,https://universalis.app/market/1867
5486,Shark Oil,Xion Skybreaker,6997,20,2023-06-01T05:27:02.000Z,https://universalis.app/market/5486
1871,Vintage Guisarme,Licht Mictian,29998,1,2023-06-02T15:13:28.000Z,https://universalis.app/market/1871
9,Ice Crystal,Nyx Severin,100,25,2023-06-26T19:01:28.000Z,https://universalis.app/market/9
1872,Hart Guisarme,Felix Sunblade,29000,1,2023-06-19T01:41:32.000Z,https://universalis.app/market/1872
1875,Giantsgall Trident,Nori Lie,4000,1,2023-06-08T21:56:14.000Z,https://universalis.app/market/1875
7582,Mossy Stone Spear,Nyx Severin,1,1,2023-06-21T07:30:15.000Z,https://universalis.app/market/7582
1879,Champion's Lance,Momo Yanagi,88900,1,2023-06-01T03:22:44.000Z,https://universalis.app/market/1879
5565,Bloody Lance Head,Quinton Armenta,3000,1,2023-06-19T21:25:06.000Z,https://universalis.app/market/5565
1882,Obelisk,Vennault Vallefort,1000,1,2023-06-16T03:00:58.000Z,https://universalis.app/market/1882
5573,Obelisk Head,Vulgaris Magistralis,2800,1,2023-06-03T01:13:17.000Z,https://universalis.app/market/5573
1891,Maple Shortbow,Mirabella Mercer,4500,1,2023-06-17T03:38:27.000Z,https://universalis.app/market/1891
5333,Hempen Yarn,Mistrail Yongar'a,500,49,2023-06-19T17:52:40.000Z,https://universalis.app/market/5333
1892,Maple Longbow,Melvar Agnes,3500,1,2023-06-18T04:05:27.000Z,https://universalis.app/market/1892
5396,Maple Branch,Naomi Kusakari,449,4,2023-06-06T01:51:35.000Z,https://universalis.app/market/5396
1893,Plumed Maple Shortbow,Lachelle Voras,100,1,2023-06-18T13:16:19.000Z,https://universalis.app/market/1893
5351,Cock Feather,Unt'rile Keeper,248,99,2023-06-11T03:29:40.000Z,https://universalis.app/market/5351
1894,Wrapped Maple Longbow,Miana Himeko,5000,1,2023-06-26T04:27:09.000Z,https://universalis.app/market/1894
5402,Ash Branch,Kenneth Rutherford,3998,1,2023-06-02T10:44:51.000Z,https://universalis.app/market/5402
1895,Ash Shortbow,Asta Kovari,20000,1,2023-06-24T20:58:04.000Z,https://universalis.app/market/1895
1897,Elm Longbow,Mal Oretsev,6798,1,2023-06-10T04:38:02.000Z,https://universalis.app/market/1897
5334,Cotton Yarn,Amber Izumi,1500,7,2023-06-05T01:34:17.000Z,https://universalis.app/market/5334
1899,Elm Velocity Bow,Kouen Skyfox,5900,1,2023-06-14T22:40:49.000Z,https://universalis.app/market/1899
1905,Wrapped Elm Longbow,Spllyn Iam,4000,1,2023-06-17T16:25:46.000Z,https://universalis.app/market/1905
1908,Ash Composite Bow,Korlog Kashinor,6000,1,2023-06-11T02:25:29.000Z,https://universalis.app/market/1908
1915,Ash Cavalry Bow,Hazak Maguzak,15000,1,2023-06-16T01:57:04.000Z,https://universalis.app/market/1915
5409,Oak Branch,Doyle Deadcrest,1500,1,2023-06-05T21:18:50.000Z,https://universalis.app/market/5409
1917,Oak Longbow,Hakai Subete,39999,1,2023-06-25T19:18:43.000Z,https://universalis.app/market/1917
5336,Linen Yarn,Sugura Nya,19000,1,2023-06-02T22:56:22.000Z,https://universalis.app/market/5336
1920,Mythril Cavalry Bow,Violet Pusheen,39950,1,2023-06-09T00:39:38.000Z,https://universalis.app/market/1920
1925,Oak Composite Bow,Hakai Subete,39999,1,2023-06-25T19:18:54.000Z,https://universalis.app/market/1925
1932,Cobalt Cavalry Bow,Violet Pusheen,19995,1,2023-06-20T02:08:23.000Z,https://universalis.app/market/1932
1937,Yew Longbow,Belit Qestir,49999,1,2023-06-16T18:44:17.000Z,https://universalis.app/market/1937
1941,Vintage Bow,Ladislas Braddock,19000,1,2023-06-09T04:58:12.000Z,https://universalis.app/market/1941
1942,Crab Bow,Niveous Wicked,49499,1,2023-06-04T02:47:11.000Z,https://universalis.app/market/1942
5462,Red Coral,Rodin Fennoy,3000,1,2023-06-05T20:58:36.000Z,https://universalis.app/market/5462
1949,Longarm's Composite Bow,Mal Oretsev,97900,1,2023-06-04T00:19:53.000Z,https://universalis.app/market/1949
5568,Bloody Bow Rim,Rieudo Amora,5514,1,2023-06-10T00:32:59.000Z,https://universalis.app/market/5568
1953,Sarnga,Hiro Ryu-jin,10000,1,2023-06-16T06:40:24.000Z,https://universalis.app/market/1953
15,Ice Cluster,Alistair Siegfried,74,101,2023-06-15T07:40:20.000Z,https://universalis.app/market/15
16,Wind Cluster,Truly'a Whiteclaw,901,573,2023-06-19T01:06:37.000Z,https://universalis.app/market/16
5574,Sarnga Limb,Endra Shorkacat,3200,2,2023-06-18T01:39:17.000Z,https://universalis.app/market/5574
1958,Maple Wand,Kocho Shinobu,10000,1,2023-06-03T01:55:52.000Z,https://universalis.app/market/1958
6,Lightning Shard,Dontonberry's Grudge,342,11,2023-06-25T19:10:50.000Z,https://universalis.app/market/6
7,Water Shard,Nyx Severin,175,50,2023-06-18T06:54:01.000Z,https://universalis.app/market/7
5470,Growth Formula Alpha,Mathaius Albourne,300,3,2023-06-04T04:09:03.000Z,https://universalis.app/market/5470
1959,Whispering Maple Wand,Kyoko Ishida,10005,1,2023-06-25T00:29:53.000Z,https://universalis.app/market/1959
1960,Budding Maple Wand,Celix Naline,9000,1,2023-06-08T23:02:53.000Z,https://universalis.app/market/1960
5492,Beastkin Blood,Dontonberry's Grudge,100,2,2023-06-25T17:34:12.000Z,https://universalis.app/market/5492
1961,Ash Wand,Bun Tho-nuong,27000,1,2023-06-18T16:54:12.000Z,https://universalis.app/market/1961
5471,Growth Formula Beta,Doctor Bedlam,4000,2,2023-06-13T22:53:52.000Z,https://universalis.app/market/5471
1963,Budding Ash Wand,Belit Qestir,900,1,2023-06-10T20:55:29.000Z,https://universalis.app/market/1963
1965,Whispering Ash Wand,Hegott Thudripp,4000,1,2023-06-04T20:58:21.000Z,https://universalis.app/market/1965
5493,Scalekin Blood,Hiko Midori,1300,1,2023-06-01T05:41:34.000Z,https://universalis.app/market/5493
1967,Yew Wand,Edgar Strife,10000,1,2023-06-08T14:00:24.000Z,https://universalis.app/market/1967
1969,Budding Yew Wand,Touka Katanouka,15000,1,2023-06-26T07:43:56.000Z,https://universalis.app/market/1969
1971,Budding Oak Wand,Edgar Strife,21997,1,2023-06-09T12:50:36.000Z,https://universalis.app/market/1971
4603,Hi-Potion of Mind,Bun Tho-nuong,749,38,2023-06-18T17:22:28.000Z,https://universalis.app/market/4603
1974,Wand of Frost,Shuleyn Elilnebbwyn,30000,1,2023-06-15T21:13:55.000Z,https://universalis.app/market/1974
5199,Eye of Ice,Doyle Deadcrest,20,1,2023-06-05T21:19:02.000Z,https://universalis.app/market/5199
5472,Growth Formula Gamma,Maki Mitaka,27502,1,2023-06-08T01:44:56.000Z,https://universalis.app/market/5472
1976,Wand of Tremors,Night Rains,10000,1,2023-06-09T06:38:03.000Z,https://universalis.app/market/1976
5201,Eye of Earth,Lucius Silvia,1000,1,2023-06-03T18:53:12.000Z,https://universalis.app/market/5201
1978,Wand of Tides,Chiyuri Lockheart,30000,1,2023-06-10T06:52:31.000Z,https://universalis.app/market/1978
5203,Eye of Water,Raelyn Shardborn,100,6,2023-06-05T23:26:52.000Z,https://universalis.app/market/5203
1981,Wand of Flames,Aenor Aelfscyne,3999,1,2023-06-04T12:34:57.000Z,https://universalis.app/market/1981
5198,Eye of Fire,Mf Jones,2500,2,2023-06-03T18:53:27.000Z,https://universalis.app/market/5198
1983,Wand of Gales,Invoker Jack,9999,1,2023-06-03T04:19:39.000Z,https://universalis.app/market/1983
5200,Eye of Wind,Aliiza Duskryn,249,2,2023-06-17T18:39:13.000Z,https://universalis.app/market/5200
1985,Wand of Storms,Denji Usagi,650,1,2023-06-06T11:16:54.000Z,https://universalis.app/market/1985
5202,Eye of Lightning,Lightz Raela,1500,1,2023-06-03T23:21:44.000Z,https://universalis.app/market/5202
1987,Budding Rosewood Wand,Kaya Skybreaker,59999,1,2023-06-01T06:43:01.000Z,https://universalis.app/market/1987
4608,Mega-Potion of Mind,Black Licorice,9999,1,2023-06-01T02:29:11.000Z,https://universalis.app/market/4608
5494,Spoken Blood,Historia Solis,2000,10,2023-06-01T12:46:16.000Z,https://universalis.app/market/5494
1996,Maple Cane,Cam Xu,1604,1,2023-06-16T01:15:18.000Z,https://universalis.app/market/1996
1997,Maple Crook,Rikku Maverick,2999,1,2023-06-21T05:10:43.000Z,https://universalis.app/market/1997
1998,Ash Radical,Vega Obscura,1980,1,2023-06-03T00:16:21.000Z,https://universalis.app/market/1998
2000,Elm Cane,Church Bells,5000,1,2023-06-09T11:51:53.000Z,https://universalis.app/market/2000
2002,Elm Crook,Kaelyn Aelys,195,1,2023-06-14T02:49:23.000Z,https://universalis.app/market/2002
2004,Yew Radical,Shuleyn Elilnebbwyn,15019,1,2023-06-07T03:22:02.000Z,https://universalis.app/market/2004
2010,Pastoral Yew Cane,Animus Anima,499,1,2023-06-07T22:09:14.000Z,https://universalis.app/market/2010
2011,Yew Crook,Vero Peeter,1500,1,2023-06-09T07:11:40.000Z,https://universalis.app/market/2011
2015,Walnut Cane,Khuja Tribal,18250,1,2023-06-02T03:09:44.000Z,https://universalis.app/market/2015
2021,Plumed Yew Crook,Shuleyn Elilnebbwyn,10000,1,2023-06-09T06:34:19.000Z,https://universalis.app/market/2021
2023,Oak Radical,Bexi Cogpocket,20000,1,2023-06-04T05:06:37.000Z,https://universalis.app/market/2023
2026,Pastoral Oak Cane,Lune Marpierre,37000,1,2023-06-20T19:12:07.000Z,https://universalis.app/market/2026
2030,Sprouting Rosewood Radical,Shuleyn Elilnebbwyn,25000,1,2023-06-17T10:55:03.000Z,https://universalis.app/market/2030
2039,Jade Crook,Jacket Elyza,49999,1,2023-06-11T13:08:24.000Z,https://universalis.app/market/2039
2041,Vintage Cane,Bob Magrann,10000,1,2023-06-06T05:26:28.000Z,https://universalis.app/market/2041
2014,Splintered Cane,Welliam Skelliam,5000,1,2023-06-14T19:54:41.000Z,https://universalis.app/market/2014
2044,Pastoral Mahogany Cane,Kai Khada,11999,1,2023-06-04T06:20:14.000Z,https://universalis.app/market/2044
5335,Dew Thread,Princess Flare,3000,99,2023-06-19T19:47:32.000Z,https://universalis.app/market/5335
2047,Tane Mahuta,Invoker Jack,50000,1,2023-06-04T17:14:41.000Z,https://universalis.app/market/2047
5555,Ochu Vine,Maxx Alexandros,4499,1,2023-06-06T10:07:52.000Z,https://universalis.app/market/5555
2048,Giantsgall Cane,Kas Ket,1000,1,2023-06-12T03:51:05.000Z,https://universalis.app/market/2048
2049,Madman's Whispering Rod,Saudee Vyras,40000,1,2023-06-08T10:05:09.000Z,https://universalis.app/market/2049
12,Lightning Crystal,Jeeves Fraideoux,175,50,2023-06-05T23:12:27.000Z,https://universalis.app/market/12
13,Water Crystal,Shimohi Kagami,225,101,2023-06-22T05:18:09.000Z,https://universalis.app/market/13
5473,Growth Formula Delta,Voius Flare,4500,19,2023-06-28T17:37:52.000Z,https://universalis.app/market/5473
5537,Thavnairian Mistletoe,A'gnya Bhen,400,4,2023-06-21T01:44:55.000Z,https://universalis.app/market/5537
5547,Vampire Plant,Jeeves Fraideoux,25,10,2023-06-05T23:11:17.000Z,https://universalis.app/market/5547
2051,Alkalurops,Mint Pudding,2700,1,2023-06-04T23:51:40.000Z,https://universalis.app/market/2051
5575,Suspended Trillium Flower,Didrianna Winterset,2500,1,2023-06-15T02:58:37.000Z,https://universalis.app/market/5575
2056,Bone Brand,Eurys Nocturn,6000,1,2023-06-22T23:36:34.000Z,https://universalis.app/market/2056
5197,Marbled Eye,Shinobi Dm,500,5,2023-06-15T16:01:41.000Z,https://universalis.app/market/5197
2057,Copper Scepter,Rose Eifaentwyn,1077,1,2023-06-19T22:02:43.000Z,https://universalis.app/market/2057
5062,Copper Ingot,Xander Tempest,50,99,2023-06-04T23:16:11.000Z,https://universalis.app/market/5062
2058,Bronze Scepter,Yuki Ronso,2500,1,2023-06-11T14:13:03.000Z,https://universalis.app/market/2058
2059,Brass Cudgel,Jiro Nobunaga,3000,1,2023-06-14T23:52:56.000Z,https://universalis.app/market/2059
2061,Decorated Copper Scepter,Argon Grezz,5000,1,2023-06-09T01:50:21.000Z,https://universalis.app/market/2061
5258,Ragstone Whetstone,Soth Socold,150,1,2023-06-05T04:03:11.000Z,https://universalis.app/market/5258
2063,Wind Brand,Ironic Cooper,15000,1,2023-06-04T15:49:58.000Z,https://universalis.app/market/2063
2066,Ice Brand,Ayame Haragin,4400,1,2023-06-09T03:25:56.000Z,https://universalis.app/market/2066
2069,Silver Scepter,Yuki Ronso,1430,1,2023-06-12T22:35:14.000Z,https://universalis.app/market/2069
5527,Brimstone,Kyrie Arkenell,300,10,2023-06-11T10:52:47.000Z,https://universalis.app/market/5527
2071,Earth Brand,Spyrit Andras,25000,1,2023-06-22T02:32:11.000Z,https://universalis.app/market/2071
2076,Decorated Silver Scepter,Ayame Haragin,2999,1,2023-06-10T18:53:26.000Z,https://universalis.app/market/2076
2078,Fire Brand,Hikari Yoruno,29999,1,2023-06-08T22:23:07.000Z,https://universalis.app/market/2078
2083,Lightning Brand,Ayame Haragin,5000,1,2023-06-12T19:04:57.000Z,https://universalis.app/market/2083
5489,Quicksilver,White Wynterheart,3000,1,2023-06-14T13:20:06.000Z,https://universalis.app/market/5489
2093,Vintage Cudgel,Tsu Luca,5050,1,2023-06-02T06:23:06.000Z,https://universalis.app/market/2093
2068,Damaged Cudgel,Yuki Ronso,1000,1,2023-06-13T03:18:19.000Z,https://universalis.app/market/2068
5092,Iron Rivets,Professor Astra,1999,99,2023-06-09T20:08:44.000Z,https://universalis.app/market/5092
2094,Water Brand,Demonslily Rathmire,36898,1,2023-06-02T03:10:05.000Z,https://universalis.app/market/2094
5168,Jade,Dontonberry's Grudge,445,10,2023-06-28T01:05:21.000Z,https://universalis.app/market/5168
5439,Ogre Horn,Ms Eldari,500,1,2023-06-20T23:38:49.000Z,https://universalis.app/market/5439
2102,Sanguine Scepter,King Cugors,103000,1,2023-06-01T01:56:25.000Z,https://universalis.app/market/2102
5206,Pinprick Pebble,Morgan Bellveil,101,1,2023-06-15T14:44:45.000Z,https://universalis.app/market/5206
2106,Bone Staff,Maja Sturmfrei,1200,1,2023-06-12T21:06:59.000Z,https://universalis.app/market/2106
2107,Ramhorn Staff,Zero Amiya,2000,1,2023-06-17T19:39:45.000Z,https://universalis.app/market/2107
2108,Decorated Bone Staff,Johnny Pop'erz,30000,1,2023-06-08T15:34:38.000Z,https://universalis.app/market/2108
5442,Bat Fang,Raikkuma Rikkityfrikk,1000,3,2023-06-17T21:07:00.000Z,https://universalis.app/market/5442
2109,Toothed Ramhorn Staff,Ama Yeboah,2500,1,2023-06-07T23:20:27.000Z,https://universalis.app/market/2109
2111,Staghorn Staff,Rachel Sinclare,20000,1,2023-06-03T11:18:49.000Z,https://universalis.app/market/2111
2116,Sanguine Horn Staff,Delta'li Twiffal,790,1,2023-06-13T03:42:31.000Z,https://universalis.app/market/2116
2118,Toothed Staghorn Staff,Gtrakl Belladonna,2999,1,2023-06-21T00:31:31.000Z,https://universalis.app/market/2118
2121,Goathorn Staff,Anikira Hopheart,30000,1,2023-06-09T06:12:13.000Z,https://universalis.app/market/2121
2123,Toothed Goathorn Staff,K'halei Yhanre,16898,1,2023-06-01T11:57:42.000Z,https://universalis.app/market/2123
2125,Horn Staff,Kyra Navar,39999,1,2023-06-01T16:23:50.000Z,https://universalis.app/market/2125
2130,Black Horn Staff,Xan'ir Kharinti,9999,1,2023-06-19T20:39:03.000Z,https://universalis.app/market/2130
2133,Ivory Staff,Maotou Xiao,20000,1,2023-06-11T09:47:13.000Z,https://universalis.app/market/2133
7584,Mossy Stone Staff,Nyx Severin,21,1,2023-06-21T07:49:15.000Z,https://universalis.app/market/7584
2139,Astrolabe,Skavar Sindula,2995,1,2023-06-02T19:02:34.000Z,https://universalis.app/market/2139
5576,Astrolabe Clinometer,Yuu Fae,2800,1,2023-06-15T22:22:18.000Z,https://universalis.app/market/5576
2143,Leather Grimoire,Octavia Blake,89999,1,2023-06-18T20:09:51.000Z,https://universalis.app/market/2143
5380,Maple Log,Hazak Maguzak,2000,94,2023-06-03T19:18:35.000Z,https://universalis.app/market/5380
5475,Enchanted Copper Ink,Booly Ghost,20,1,2023-06-28T18:52:54.000Z,https://universalis.app/market/5475
2144,Maple Picatrix,Ka Kane,52500000,1,2023-06-11T21:19:33.000Z,https://universalis.app/market/2144
2145,Engraved Leather Grimoire,A'tsuko Rei,8995,1,2023-06-08T19:03:15.000Z,https://universalis.app/market/2145
5383,Ash Log,Ruth Ramoth,400,8,2023-06-10T14:28:24.000Z,https://universalis.app/market/5383
2146,Ash Picatrix,Auriell Daris,14998,1,2023-06-03T02:15:06.000Z,https://universalis.app/market/2146
2147,Hard Leather Grimoire,Zane Ashura,30000,1,2023-06-12T02:50:57.000Z,https://universalis.app/market/2147
5385,Elm Log,Astra Archeron,1000,2,2023-06-01T18:49:46.000Z,https://universalis.app/market/5385
5476,Enchanted Iron Ink,Tammo Mae,500,1,2023-06-03T22:23:47.000Z,https://universalis.app/market/5476
2149,Engraved Hard Leather Grimoire,Annikah Hansen,20000,1,2023-06-23T19:35:08.000Z,https://universalis.app/market/2149
5386,Yew Log,Uliaeus Ashford,4000,4,2023-06-22T05:22:55.000Z,https://universalis.app/market/5386
2151,Yew Picatrix,Crei Khett,13500,1,2023-06-08T00:51:55.000Z,https://universalis.app/market/2151
2156,Goatskin Grimoire,Ultra'a Sodapop,20000,1,2023-06-14T12:27:00.000Z,https://universalis.app/market/2156
5477,Enchanted Silver Ink,Kaylie Shieldsbane,4700,1,2023-06-14T20:37:22.000Z,https://universalis.app/market/5477
2160,Engraved Goatskin Grimoire,Theon Ambrose,12000,1,2023-06-08T17:32:26.000Z,https://universalis.app/market/2160
5388,Walnut Log,Lifa Tree,525,2,2023-06-01T04:58:28.000Z,https://universalis.app/market/5388
2166,Book of Silver,Z'lele Arda,9000,1,2023-06-25T01:58:22.000Z,https://universalis.app/market/2166
5390,Oak Log,Dontonberry's Grudge,2200,5,2023-06-25T18:15:54.000Z,https://universalis.app/market/5390
2169,Embossed Book of Silver,Night Rains,31250,1,2023-06-05T20:35:13.000Z,https://universalis.app/market/2169
2174,Book of Mythril,Azra Sunna,35000,1,2023-06-02T08:16:03.000Z,https://universalis.app/market/2174
5346,Flax,Mal Oretsev,20000,99,2023-06-08T18:08:27.000Z,https://universalis.app/market/5346
5478,Enchanted Mythril Ink,Zane Ashura,5000,3,2023-06-12T03:01:57.000Z,https://universalis.app/market/5478
2184,Vintage Picatrix,Veneria Foreshadow,25000,1,2023-06-08T22:41:20.000Z,https://universalis.app/market/2184
2158,Brittle Picatrix,T'kala Moonlithe,5000,1,2023-06-03T05:31:01.000Z,https://universalis.app/market/2158
2185,Book of Electrum,Grathilda Stonehearth,20000,1,2023-06-15T11:19:43.000Z,https://universalis.app/market/2185
5337,Woolen Yarn,Brun Harding,5000,12,2023-06-11T09:38:06.000Z,https://universalis.app/market/5337
5393,Rosewood Log,Aernthota Hymllihtwyn,1000,2,2023-06-06T00:53:11.000Z,https://universalis.app/market/5393
5479,Enchanted Electrum Ink,Lycoris Lunaris,50,4,2023-06-12T11:35:32.000Z,https://universalis.app/market/5479
2189,Embossed Book of Electrum,Zandiki Fila,25000,1,2023-06-19T01:48:09.000Z,https://universalis.app/market/2189
2193,Cantamina Thavnaria,Thairynn Stirling,5999,1,2023-06-19T20:14:59.000Z,https://universalis.app/market/2193
5481,Enchanted Rose Gold Ink,Hope Luxora,8475,1,2023-06-12T23:02:08.000Z,https://universalis.app/market/5481
2194,Medica Thavnaria,Caed Cypher,1650,1,2023-06-22T00:30:30.000Z,https://universalis.app/market/2194
2201,Erudite's Picatrix of Healing,Alriol Walker,74900,1,2023-06-26T23:05:50.000Z,https://universalis.app/market/2201
5480,Enchanted Gold Ink,X'sol Iceblood,100000,11,2023-06-14T07:01:40.000Z,https://universalis.app/market/5480
5569,Bloody Grimoire Binding,Bithcuit Chenkhov,5800,1,2023-06-07T15:48:40.000Z,https://universalis.app/market/5569
2202,Erudite's Picatrix of Casting,Alriol Walker,47000,1,2023-06-26T23:05:54.000Z,https://universalis.app/market/2202
2211,Deus Ex Verbis,Caed Cypher,2000,1,2023-06-22T00:27:10.000Z,https://universalis.app/market/2211
5338,Silk Thread,Lothiriel Lee,3000,11,2023-06-01T06:06:39.000Z,https://universalis.app/market/5338
2212,Deus Ex Gratia,Caed Cypher,1750,1,2023-06-22T00:30:09.000Z,https://universalis.app/market/2212
2219,Square Maple Shield,Mr Valentine,200000000,1,2023-06-12T19:50:56.000Z,https://universalis.app/market/2219
5091,Bronze Rivets,Kaze Kuzunoha,495,1,2023-06-11T18:54:54.000Z,https://universalis.app/market/5091
12524,Titanium Nugget,Casanova Endeavor,10000,1,2023-06-06T05:31:56.000Z,https://universalis.app/market/12524
12529,Titanium Rivets,Surly Panther,7000,3,2023-06-17T00:15:35.000Z,https://universalis.app/market/12529
12658,Dusk Leather,Rhia Rys,489200,1,2023-06-18T00:46:21.000Z,https://universalis.app/market/12658
2226,Bronze Hoplon,Estelle Ceres,9999,1,2023-06-26T20:53:36.000Z,https://universalis.app/market/2226
5071,Bronze Plate,Arianna Sushi,750,2,2023-06-13T10:34:08.000Z,https://universalis.app/market/5071
2228,Round Shield,Desri Frost,2500,1,2023-06-12T18:09:10.000Z,https://universalis.app/market/2228
2229,Leather Targe,Yuki Ronso,1000,1,2023-06-11T14:13:23.000Z,https://universalis.app/market/2229
2230,Bronze Scutum,Everly Aurora,20000,1,2023-06-05T04:13:16.000Z,https://universalis.app/market/2230
2231,Bronze Buckler,Vanessa Stormwind,6000,1,2023-06-16T21:15:29.000Z,https://universalis.app/market/2231
2233,Square Ash Shield,Nexodas Duskshine,3000,1,2023-06-01T17:19:19.000Z,https://universalis.app/market/2233
2236,Iron Hoplon,Supreme Tacos,50000,1,2023-06-19T11:59:26.000Z,https://universalis.app/market/2236
2238,Vintage Square Shield,Belissa Bug,15000,1,2023-06-18T21:11:00.000Z,https://universalis.app/market/2238
2224,Worm-eaten Square Shield,Hiko Midori,5000,1,2023-06-01T05:34:17.000Z,https://universalis.app/market/2224
4859,Cider Vinegar,Hiko Midori,30,1,2023-06-01T05:38:35.000Z,https://universalis.app/market/4859
2239,Ironclad Bronze Buckler,Rothgar Thayerdoom,2500,1,2023-06-21T02:41:50.000Z,https://universalis.app/market/2239
2241,Iron Lantern Shield,Elpis Lunara,2000,1,2023-06-09T02:15:00.000Z,https://universalis.app/market/2241
5998,Tallow Candle,Nixxxy Forneus,1000,5,2023-06-01T15:32:39.000Z,https://universalis.app/market/5998
2242,Iron Scutum,Belit Qestir,149,1,2023-06-12T19:58:45.000Z,https://universalis.app/market/2242
2244,Vintage Hoplon,Sadira Dar,3400,1,2023-06-14T04:03:26.000Z,https://universalis.app/market/2244
2225,Tarnished Hoplon,Buumee Bubberson,3450,1,2023-06-04T21:28:35.000Z,https://universalis.app/market/2225
2246,Viper-crested Round Shield,Valvalis Malebranche,2000,1,2023-06-02T01:36:13.000Z,https://universalis.app/market/2246
2248,Iron Kite Shield,Maya Alimont,14000,1,2023-06-02T00:31:03.000Z,https://universalis.app/market/2248
2250,Goatskin Targe,Maya Alimont,8000,1,2023-06-02T23:34:07.000Z,https://universalis.app/market/2250
5093,Steel Rivets,Lien Niyati,3000,2,2023-06-16T06:38:13.000Z,https://universalis.app/market/5093
2257,Bull Hoplon,Ever Espin,15000,1,2023-06-07T01:23:15.000Z,https://universalis.app/market/2257
2260,Decorated Buckler,Lucille Fairlight,2500,1,2023-06-04T05:58:54.000Z,https://universalis.app/market/2260
2262,Decorated Iron Scutum,Hezzwyb Sunnskyfyn,7899,1,2023-06-11T00:10:18.000Z,https://universalis.app/market/2262
2264,Vintage Buckler,L'eaf Danser,9500,1,2023-06-13T17:32:16.000Z,https://universalis.app/market/2264
2268,Bladed Lantern Shield,Valaya Yswarra,15000,1,2023-06-01T20:52:26.000Z,https://universalis.app/market/2268
2270,Raptorskin Targe,Thessalia Zedar,39899,1,2023-06-22T11:04:15.000Z,https://universalis.app/market/2270
5099,Mythril Rivets,Alise Ku-yunaris,9979,1,2023-06-22T13:20:17.000Z,https://universalis.app/market/5099
2278,Vintage Scutum,Ifritson Firedude,10000,1,2023-06-17T23:15:55.000Z,https://universalis.app/market/2278
2279,Cobalt Scutum,Valaya Yswarra,30000,1,2023-06-04T20:33:43.000Z,https://universalis.app/market/2279
5094,Cobalt Rivets,Darcus Cin,12000,1,2023-06-09T05:22:14.000Z,https://universalis.app/market/5094
2287,Eagle-crested Round Shield,Hegott Thudripp,17000,1,2023-06-20T02:39:17.000Z,https://universalis.app/market/2287
2289,Vintage Round Shield,Hammy Jackenstein,4000,1,2023-06-01T16:11:11.000Z,https://universalis.app/market/2289
5228,Ragstone,Dark Sunshine,99,1,2023-06-03T20:36:38.000Z,https://universalis.app/market/5228
5517,Lanolin,Lyara Yvrel,200,2,2023-06-01T17:35:37.000Z,https://universalis.app/market/5517
2294,Kite Shield,Sathona Quicktongue,14038,1,2023-06-13T21:59:28.000Z,https://universalis.app/market/2294
2296,Cobalt Bladed Lantern Shield,Dino Punch-kick,39000,1,2023-06-16T17:22:55.000Z,https://universalis.app/market/2296
2298,Oxblood Targe,Koto Kazuma,65000,1,2023-06-15T19:47:25.000Z,https://universalis.app/market/2298
2300,Vintage Kite Shield,Dino Punch-kick,40000,1,2023-06-04T22:12:30.000Z,https://universalis.app/market/2300
2259,Scarred Kite Shield,Wesley Craven,3001,1,2023-06-18T01:36:24.000Z,https://universalis.app/market/2259
2302,Darksteel Scutum,Loki Nibelhiem,4600,1,2023-06-10T18:11:31.000Z,https://universalis.app/market/2302
5060,Darksteel Ingot,Luna Rainwater,8000,1,2023-06-19T23:01:17.000Z,https://universalis.app/market/5060
5095,Darksteel Rivets,Scarlett Twilight,5000,10,2023-06-06T19:14:32.000Z,https://universalis.app/market/5095
2303,Darksteel Buckler,Drager Geronimo,3798,1,2023-06-01T02:24:13.000Z,https://universalis.app/market/2303
2304,Spruce Round Shield,Tsubaki Mikoto,3000,1,2023-06-07T02:56:03.000Z,https://universalis.app/market/2304
5379,Treated Spruce Lumber,Anteres Hasov,15000,1,2023-06-01T09:42:51.000Z,https://universalis.app/market/5379
2315,Bronze Saw,Maja Sturmfrei,2000,1,2023-06-11T02:30:51.000Z,https://universalis.app/market/2315
2316,Amateur's Saw,Bloom Mood,5000,1,2023-06-23T00:38:04.000Z,https://universalis.app/market/2316
2318,Initiate's Saw,Vero Peeter,3000,1,2023-06-09T06:51:26.000Z,https://universalis.app/market/2318
2319,Bas-relief Iron Saw,O'sea Sunless,2000,1,2023-06-05T02:15:22.000Z,https://universalis.app/market/2319
2320,Iron Chocobotail Saw,Zmega Slayer,1000,1,2023-06-04T15:01:58.000Z,https://universalis.app/market/2320
2322,Crosscut Saw,Evelynn Yui,8000,1,2023-06-02T12:49:33.000Z,https://universalis.app/market/2322
2323,Mythril Saw,Belit Qestir,25000,1,2023-06-16T17:19:09.000Z,https://universalis.app/market/2323
2324,Mythril Chocobotail Saw,John Dear,2999,1,2023-06-03T04:50:06.000Z,https://universalis.app/market/2324
2325,Bas-relief Cobalt Saw,Nala Bewbess,80000,1,2023-06-04T01:39:41.000Z,https://universalis.app/market/2325
2328,Amateur's Claw Hammer,Zarya Zo,470,1,2023-06-10T03:21:14.000Z,https://universalis.app/market/2328
2329,Bronze Claw Hammer,Kennedy Meadow,5000,1,2023-06-13T18:12:13.000Z,https://universalis.app/market/2329
2331,Iron Claw Hammer,Lyra Duleau,10000,1,2023-06-04T20:56:37.000Z,https://universalis.app/market/2331
5483,Jellyfish Humours,Dai Shan,1002,1,2023-06-05T03:03:36.000Z,https://universalis.app/market/5483
2332,Initiate's Claw Hammer,Dontonberry's Grudge,150,1,2023-06-25T17:31:30.000Z,https://universalis.app/market/2332
2335,Wrapped Steel Claw Hammer,Chayanna Rain,20000,1,2023-06-11T00:06:13.000Z,https://universalis.app/market/2335
5485,Linseed Oil,Truco Delalma,3500,1,2023-06-12T01:37:35.000Z,https://universalis.app/market/5485
2337,Mythril Claw Hammer,Dontonberry's Grudge,19990,1,2023-06-25T19:07:09.000Z,https://universalis.app/market/2337
2338,Cobalt Claw Hammer,Asrael Galan,35000,1,2023-06-06T11:13:56.000Z,https://universalis.app/market/2338
2341,Bronze Cross-pein Hammer,Zero Amiya,4000,1,2023-06-16T19:50:01.000Z,https://universalis.app/market/2341
2342,Amateur's Cross-pein Hammer,Peter Pickles,5009,1,2023-06-04T10:49:54.000Z,https://universalis.app/market/2342
2343,Birdsbeak Hammer,Mystique Tia,3000,1,2023-06-15T17:55:32.000Z,https://universalis.app/market/2343
5325,Undyed Cotton Cloth,Himari San,1500,3,2023-06-23T01:27:57.000Z,https://universalis.app/market/5325
2344,Iron Cross-pein Hammer,Kazuma Kuchiki,50000,1,2023-06-20T23:34:07.000Z,https://universalis.app/market/2344
2345,Initiate's Cross-pein Hammer,Peter Pickles,50000,1,2023-06-04T14:40:10.000Z,https://universalis.app/market/2345
2346,Crowsbeak Hammer,Shino Norba,100000,1,2023-06-04T14:03:41.000Z,https://universalis.app/market/2346
2347,Heavy Crowsbeak Hammer,Antonio Bunderas,900,1,2023-06-21T03:32:56.000Z,https://universalis.app/market/2347
2348,Steel Cross-pein Hammer,John Dear,2000,1,2023-06-04T18:52:21.000Z,https://universalis.app/market/2348
5326,Undyed Velveteen,Syn Skywalkur,5249,3,2023-06-06T17:31:03.000Z,https://universalis.app/market/5326
2349,Steel Crowsbeak Hammer,Zeddicuszul Zorander,20000,1,2023-06-05T21:50:45.000Z,https://universalis.app/market/2349
2350,Wrapped Crowsbeak Hammer,Tougen Akiudo,39999,1,2023-06-02T00:32:38.000Z,https://universalis.app/market/2350
2351,Cobalt Cross-pein Hammer,John Dear,252,1,2023-06-04T18:52:39.000Z,https://universalis.app/market/2351
2352,Wrapped Hawksbeak Hammer,Serenity Rae,25000,1,2023-06-02T03:52:05.000Z,https://universalis.app/market/2352
2355,Amateur's File,Jasper James,750,1,2023-06-10T03:55:24.000Z,https://universalis.app/market/2355
2356,Bronze File,Peter Pickles,8009,1,2023-06-04T10:50:00.000Z,https://universalis.app/market/2356
2358,Iron File,Silver Evren,9900,1,2023-06-24T17:10:22.000Z,https://universalis.app/market/2358
2359,Initiate's File,Tayto Potato,2750,1,2023-06-17T22:20:16.000Z,https://universalis.app/market/2359
2361,Steel File,Johnny Pop'erz,10000,1,2023-06-10T23:42:49.000Z,https://universalis.app/market/2361
2363,Mythril File,Kieran Corvinus,10000,1,2023-06-03T20:17:49.000Z,https://universalis.app/market/2363
2364,Cobalt File,Yamichka Honmicha,35000,1,2023-06-05T10:32:24.000Z,https://universalis.app/market/2364
2365,Militia File,Muranaka Nana,20000,1,2023-06-05T03:47:46.000Z,https://universalis.app/market/2365
2367,Bronze Doming Hammer,Reinoheart Asylan,400,1,2023-06-11T20:59:46.000Z,https://universalis.app/market/2367
2368,Amateur's Doming Hammer,Pepepsi Pepsi,59,1,2023-06-10T04:39:12.000Z,https://universalis.app/market/2368
2369,Bronze Raising Hammer,Theodora Solemn,1500,1,2023-06-16T05:16:18.000Z,https://universalis.app/market/2369
2370,Iron Doming Hammer,Emirai Kurotsuki,1000,1,2023-06-09T23:01:50.000Z,https://universalis.app/market/2370
2371,Initiate's Doming Hammer,Ultra'a Sodapop,8000,1,2023-06-10T23:29:19.000Z,https://universalis.app/market/2371
2372,Iron Raising Hammer,Hegott Thudripp,4000,1,2023-06-05T23:36:49.000Z,https://universalis.app/market/2372
2373,Wrapped Iron Raising Hammer,Zmega Slayer,2160,1,2023-06-06T13:52:17.000Z,https://universalis.app/market/2373
2374,Steel Doming Hammer,Aly Non,3000,1,2023-06-20T12:51:28.000Z,https://universalis.app/market/2374
2375,Steel Raising Hammer,Peter Pickles,20000,1,2023-06-11T21:54:40.000Z,https://universalis.app/market/2375
2376,Cobalt Doming Hammer,John Dear,1000,1,2023-06-05T05:42:50.000Z,https://universalis.app/market/2376
2377,Cobalt Raising Hammer,Aly Non,89999,1,2023-06-20T15:40:36.000Z,https://universalis.app/market/2377
2380,Amateur's Pliers,Ranni Carian,2670,1,2023-06-04T18:13:01.000Z,https://universalis.app/market/2380
2381,Bronze Pliers,Hachala Headchala,778,1,2023-06-12T16:18:24.000Z,https://universalis.app/market/2381
2383,Iron Pliers,Hazak Maguzak,10000,1,2023-06-16T01:57:14.000Z,https://universalis.app/market/2383
2384,Initiate's Pliers,Junior Rock'it,4031,1,2023-06-02T00:38:51.000Z,https://universalis.app/market/2384
2386,Steel Pliers,Kaomi Mio,16000,1,2023-06-03T23:56:21.000Z,https://universalis.app/market/2386
2388,Mythril Pliers,Yamichka Honmicha,20000,1,2023-06-02T00:02:18.000Z,https://universalis.app/market/2388
2392,Bronze Chaser Hammer,Vanessa Stormwind,400,1,2023-06-16T21:15:06.000Z,https://universalis.app/market/2392
2393,Amateur's Chaser Hammer,Akari Sara,233,1,2023-06-09T22:27:43.000Z,https://universalis.app/market/2393
2395,Iron Chaser Hammer,Belit Qestir,6000,1,2023-06-10T20:54:16.000Z,https://universalis.app/market/2395
2397,Iron Ornamental Hammer,Hi Adept,10000,1,2023-06-07T18:51:59.000Z,https://universalis.app/market/2397
2398,Steel Chaser Hammer,John Dear,541,1,2023-06-03T19:26:25.000Z,https://universalis.app/market/2398
2399,Steel Ornamental Hammer,Vhalla Curar,1450,1,2023-06-11T16:02:52.000Z,https://universalis.app/market/2399
2400,Mythril Ornamental Hammer,Vhalla Curar,20000,1,2023-06-15T02:13:48.000Z,https://universalis.app/market/2400
2401,Mythril Lapidary Hammer,Nala Bewbess,5000,1,2023-06-03T19:24:51.000Z,https://universalis.app/market/2401
2402,Electrum Lapidary Hammer,Armaros Faust,35000,1,2023-06-07T04:29:47.000Z,https://universalis.app/market/2402
5183,Tourmaline,Kyra Lin'vael,333,2,2023-06-16T01:12:40.000Z,https://universalis.app/market/5183
2406,Ragstone Grinding Wheel,Kennedy Meadow,3000,1,2023-06-13T18:09:33.000Z,https://universalis.app/market/2406
2408,Mudstone Grinding Wheel,Bunnygirl Mai,5000,1,2023-06-08T02:50:33.000Z,https://universalis.app/market/2408
5229,Mudstone,Shono Kagon,500,5,2023-06-06T10:34:44.000Z,https://universalis.app/market/5229
2409,Initiate's Grinding Wheel,Johnny Pop'erz,10000,1,2023-06-10T22:03:13.000Z,https://universalis.app/market/2409
2411,Siltstone Grinding Wheel,Lune Marpierre,12000,1,2023-06-14T20:18:08.000Z,https://universalis.app/market/2411
5231,Siltstone,Astra Archeron,396,1,2023-06-17T22:45:36.000Z,https://universalis.app/market/5231
2413,Garnet Grinding Wheel,Akari Sara,37999,1,2023-06-10T00:20:07.000Z,https://universalis.app/market/2413
5134,Raw Garnet,Lucin Tidalheim,320,3,2023-06-14T19:02:26.000Z,https://universalis.app/market/5134
2414,Basilisk Grinding Wheel,Aly Non,50000,1,2023-06-26T02:51:45.000Z,https://universalis.app/market/2414
5263,Basilisk Egg,Von Ronva,5000,10,2023-06-03T04:46:05.000Z,https://universalis.app/market/5263
2415,Militia Grinding Wheel,Despair Meowmuch,23000,1,2023-06-04T17:23:33.000Z,https://universalis.app/market/2415
5158,Astral Rock,Minnie Tyco,300,4,2023-06-02T08:00:52.000Z,https://universalis.app/market/5158
2417,Bronze Head Knife,Prince Dios,1400,1,2023-06-22T12:28:34.000Z,https://universalis.app/market/2417
2418,Amateur's Head Knife,Sh'ko Tsumi,199,1,2023-06-25T06:15:42.000Z,https://universalis.app/market/2418
2419,Brass Head Knife,Vast Bear,3000,1,2023-06-20T22:10:04.000Z,https://universalis.app/market/2419
2420,Initiate's Head Knife,Johnny Pop'erz,8000,1,2023-06-10T21:34:17.000Z,https://universalis.app/market/2420
2421,Iron Round Knife,Zmega Slayer,5000,1,2023-06-06T14:29:44.000Z,https://universalis.app/market/2421
2422,Iron Head Knife,Maya Alimont,15000,1,2023-06-06T22:41:53.000Z,https://universalis.app/market/2422
2423,Silver Head Knife,Aly Non,3075,1,2023-06-13T01:13:14.000Z,https://universalis.app/market/2423
2424,Steel Round Knife,Vhalla Curar,1000,1,2023-06-20T15:55:02.000Z,https://universalis.app/market/2424
2425,Mythril Head Knife,Kaomi Mio,15790,1,2023-06-03T23:57:04.000Z,https://universalis.app/market/2425
2426,Mythril Round Knife,Kieran Corvinus,1000,1,2023-06-06T02:01:06.000Z,https://universalis.app/market/2426
2427,Electrum Head Knife,Belit Qestir,55000,1,2023-06-14T15:35:44.000Z,https://universalis.app/market/2427
2430,Amateur's Awl,Naomi Kusakari,305,1,2023-06-06T01:28:35.000Z,https://universalis.app/market/2430
2431,Bronze Awl,Nexodas Duskshine,2000,1,2023-06-02T04:24:44.000Z,https://universalis.app/market/2431
2433,Iron Awl,John Dear,10000,1,2023-06-07T16:36:13.000Z,https://universalis.app/market/2433
2434,Initiate's Awl,Toilet Queen,350,1,2023-06-04T23:25:36.000Z,https://universalis.app/market/2434
2436,Steel Awl,Lucius Silvia,11100,1,2023-06-03T20:49:13.000Z,https://universalis.app/market/2436
2437,Wrapped Steel Awl,Hecate Getsuhime,20000,1,2023-06-14T17:33:17.000Z,https://universalis.app/market/2437
2439,Mythril Awl,Nyaoto Shirogane,30000,1,2023-06-12T23:51:36.000Z,https://universalis.app/market/2439
2440,Cobalt Awl,Armaros Faust,5000,1,2023-06-06T03:27:58.000Z,https://universalis.app/market/2440
2443,Copper Needle,Akari Sara,9999,1,2023-06-09T22:22:22.000Z,https://universalis.app/market/2443
2444,Bat Fang Needle,Bubs Jackson,9999,1,2023-06-16T08:03:12.000Z,https://universalis.app/market/2444
2445,Amateur's Needle,Jasper James,900,1,2023-06-13T21:37:32.000Z,https://universalis.app/market/2445
2446,Brass Needle,Ragna Valgos,8000,1,2023-06-19T19:17:22.000Z,https://universalis.app/market/2446
2447,Initiate's Needle,Drefen Raexs,5000,1,2023-06-03T18:41:23.000Z,https://universalis.app/market/2447
2448,Silver Needle,Kyrie Arkenell,500,1,2023-06-10T23:23:00.000Z,https://universalis.app/market/2448
2449,Worm Fang Needle,Travesty Rivia,1899,1,2023-06-26T21:05:18.000Z,https://universalis.app/market/2449
5447,Sandworm Fang,Nepheli Cobonne,899,12,2023-06-04T01:45:27.000Z,https://universalis.app/market/5447
2450,Mythril Needle,Mal Oretsev,7000,1,2023-06-08T18:42:25.000Z,https://universalis.app/market/2450
2451,Wolf Fang Needle,Sangka Arcturus,29999,1,2023-06-25T13:58:39.000Z,https://universalis.app/market/2451
2452,Thousand Needle,Ferrah Astrato,1596,1,2023-06-27T05:48:21.000Z,https://universalis.app/market/2452
5468,Cactuar Needle,Elizabeth Midori,10000,5,2023-06-22T19:04:49.000Z,https://universalis.app/market/5468
2453,Electrum Needle,Azra Sunna,20898,1,2023-06-03T04:01:07.000Z,https://universalis.app/market/2453
2457,Ash Spinning Wheel,God Sama,798,1,2023-06-05T19:16:50.000Z,https://universalis.app/market/2457
2459,Initiate's Spinning Wheel,Lune Marpierre,7000,1,2023-06-03T00:36:29.000Z,https://universalis.app/market/2459
2460,Elm Spinning Wheel,Cyn Feldspar,126,1,2023-06-08T23:17:44.000Z,https://universalis.app/market/2460
2462,Walnut Spinning Wheel,Hegott Thudripp,12200,1,2023-06-04T19:27:48.000Z,https://universalis.app/market/2462
2464,Mahogany Spinning Wheel,Aly Non,40332,1,2023-06-15T05:01:00.000Z,https://universalis.app/market/2464
2465,Rosewood Spinning Wheel,Sayana Himaa,18000,1,2023-06-11T10:34:50.000Z,https://universalis.app/market/2465
2466,Militia Spinning Wheel,Merow Redemption,49946,1,2023-06-02T18:05:42.000Z,https://universalis.app/market/2466
2468,Bronze Alembic,Jasper James,12185,1,2023-06-15T01:33:55.000Z,https://universalis.app/market/2468
2469,Amateur's Alembic,Estari Makermal,8,1,2023-06-11T18:17:51.000Z,https://universalis.app/market/2469
2470,Brass Alembic,Ari Kamikura,5000,1,2023-06-08T10:01:17.000Z,https://universalis.app/market/2470
2471,Initiate's Alembic,Sangka Arcturus,2999,1,2023-06-24T20:22:20.000Z,https://universalis.app/market/2471
2472,Iron Alembic,Katniss White,26,1,2023-06-07T18:36:03.000Z,https://universalis.app/market/2472
2473,Conical Alembic,Hegott Thudripp,6000,1,2023-06-03T18:24:53.000Z,https://universalis.app/market/2473
2474,Steel Alembic,Dontonberry's Grudge,6600,1,2023-06-27T02:22:02.000Z,https://universalis.app/market/2474
2475,Silver Alembic,Aztai Kha,1750,1,2023-06-08T20:29:30.000Z,https://universalis.app/market/2475
2476,Mythril Alembic,Cutie Tiger,40000,1,2023-06-11T18:02:05.000Z,https://universalis.app/market/2476
2477,Electrum Alembic,Aerin Lostlandafy,3500,1,2023-06-18T14:36:39.000Z,https://universalis.app/market/2477
2478,Thermal Alembic,Invoker Jack,50000,1,2023-06-03T04:45:39.000Z,https://universalis.app/market/2478
2481,Amateur's Mortar,Serena Relanah,4905,1,2023-06-11T19:22:10.000Z,https://universalis.app/market/2481
2482,Bronze Mortar,Ranni Carian,3000,1,2023-06-09T16:49:50.000Z,https://universalis.app/market/2482
2484,Iron Mortar,Lucius Silvia,10000,1,2023-06-03T02:54:04.000Z,https://universalis.app/market/2484
2485,Initiate's Mortar,Vero Peeter,9026,1,2023-06-09T07:24:20.000Z,https://universalis.app/market/2485
2487,Steel Mortar,Maya Alimont,30000,1,2023-06-14T17:36:32.000Z,https://universalis.app/market/2487
2488,Heavy Steel Mortar,J'darzi Kufai,5000,1,2023-06-10T01:53:40.000Z,https://universalis.app/market/2488
2490,Mythril Mortar,Muranaka Nana,33000,1,2023-06-06T16:48:12.000Z,https://universalis.app/market/2490
2491,Cobalt Mortar,Invoker Jack,29999,1,2023-06-03T04:45:36.000Z,https://universalis.app/market/2491
2492,Militia Mortar,Setharial Genesia,40000,1,2023-06-02T15:05:59.000Z,https://universalis.app/market/2492
2494,Bronze Skillet,Serena Relanah,14999,1,2023-06-11T19:22:40.000Z,https://universalis.app/market/2494
2495,Amateur's Skillet,Celix Naline,10000,1,2023-06-17T11:53:26.000Z,https://universalis.app/market/2495
2496,Iron Skillet,Celix Naline,1599,1,2023-06-20T14:56:51.000Z,https://universalis.app/market/2496
2497,Initiate's Skillet,Doctor Tranosaurus,4799,1,2023-06-25T20:44:49.000Z,https://universalis.app/market/2497
2498,Iron Frypan,Arch Loch,2000,1,2023-06-13T14:54:45.000Z,https://universalis.app/market/2498
2499,Bomb Frypan,Hazak Maguzak,16900,1,2023-06-19T01:28:40.000Z,https://universalis.app/market/2499
5528,Bomb Ash,Ty'ren Key,800,3,2023-06-06T00:57:30.000Z,https://universalis.app/market/5528
2500,Steel Skillet,Thya Kitty'chelle,1500,1,2023-06-08T21:26:07.000Z,https://universalis.app/market/2500
2501,White Skillet,Boba Khar,7000,1,2023-06-12T09:26:12.000Z,https://universalis.app/market/2501
2502,Steel Frypan,Zailio Kupo,39999,1,2023-06-27T20:25:22.000Z,https://universalis.app/market/2502
2503,Cobalt Skillet,Annikah Hansen,19998,1,2023-06-23T14:15:28.000Z,https://universalis.app/market/2503
2504,Hells' Kitchen,Lux Ardent,35000,1,2023-06-23T15:37:05.000Z,https://universalis.app/market/2504
2507,Amateur's Culinary Knife,Maja Sturmfrei,4000,1,2023-06-12T21:06:18.000Z,https://universalis.app/market/2507
2508,Bronze Culinary Knife,Iqoshe Moqoshe,2000,1,2023-06-21T08:12:17.000Z,https://universalis.app/market/2508
2510,Iron Culinary Knife,Sangka Arcturus,4000,1,2023-06-24T20:21:13.000Z,https://universalis.app/market/2510
2511,Initiate's Culinary Knife,Aye Heychoo,10000,1,2023-06-09T05:50:43.000Z,https://universalis.app/market/2511
2513,Steel Culinary Knife,Astrella Erigon,15000,1,2023-06-18T02:47:16.000Z,https://universalis.app/market/2513
2514,Wrapped Steel Culinary Knife,Annikah Hansen,30000,1,2023-06-23T14:15:42.000Z,https://universalis.app/market/2514
2516,Mythril Culinary Knife,Kieran Corvinus,25000,1,2023-06-10T19:34:57.000Z,https://universalis.app/market/2516
2517,Cobalt Culinary Knife,Alice Nasiri,20000,1,2023-06-21T17:35:19.000Z,https://universalis.app/market/2517
2518,Militia Culinary Knife,Aeryn Suun,35000,1,2023-06-15T22:20:58.000Z,https://universalis.app/market/2518
2520,Bronze Pickaxe,Naomi Kusakari,10000,1,2023-06-09T21:37:35.000Z,https://universalis.app/market/2520
2521,Amateur's Pickaxe,Asrael Galan,15000,1,2023-06-02T03:40:24.000Z,https://universalis.app/market/2521
2522,Plumed Bronze Pickaxe,Sylveine Maelstrom,2500,1,2023-06-04T13:04:55.000Z,https://universalis.app/market/2522
2523,Iron Pickaxe,Luna Duskweaver,4500,1,2023-06-04T16:17:27.000Z,https://universalis.app/market/2523
2524,Initiate's Pickaxe,Skadir Ymir,6000,1,2023-06-09T21:27:18.000Z,https://universalis.app/market/2524
2525,Iron Dolabra,Yui Nakamura,8000,1,2023-06-02T05:20:38.000Z,https://universalis.app/market/2525
2526,Steel Pickaxe,Unicorn Plant,10000,1,2023-06-04T21:26:21.000Z,https://universalis.app/market/2526
2527,Steel Dolabra,Rummet Tah,20000,1,2023-06-01T02:59:11.000Z,https://universalis.app/market/2527
2528,Plumed Mythril Pickaxe,Kana'nis Lumimae,29500,1,2023-06-02T00:41:08.000Z,https://universalis.app/market/2528
5327,Undyed Linen,Kotone Shiomy,2400,8,2023-06-02T06:57:54.000Z,https://universalis.app/market/5327
2529,Cobalt Dolabra,Vhalla Curar,33000,1,2023-06-11T23:04:42.000Z,https://universalis.app/market/2529
2530,Egret Dolabra,Monet Seyr,59990,1,2023-06-09T00:47:34.000Z,https://universalis.app/market/2530
2534,Bronze Sledgehammer,Kiba Xing,5000,1,2023-06-02T04:21:09.000Z,https://universalis.app/market/2534
2536,Initiate's Sledgehammer,Lurki Lurkerson,1500,1,2023-06-13T09:56:30.000Z,https://universalis.app/market/2536
2537,Iron Sledgehammer,Danny Astle,12000,1,2023-06-07T09:50:21.000Z,https://universalis.app/market/2537
2539,Steel Sledgehammer,Animus Anima,45000,1,2023-06-04T21:54:12.000Z,https://universalis.app/market/2539
2540,Wrapped Steel Sledgehammer,Vhalla Curar,12500,1,2023-06-11T14:58:16.000Z,https://universalis.app/market/2540
2542,Mythril Sledgehammer,Haldon Forerunner,30000,1,2023-06-05T21:55:01.000Z,https://universalis.app/market/2542
2543,Cobalt Sledgehammer,Mamba Abmamba,45000,1,2023-06-17T16:52:42.000Z,https://universalis.app/market/2543
2544,Militia Sledgehammer,Bkilla Iravage,75000,1,2023-06-14T23:00:02.000Z,https://universalis.app/market/2544
2546,Bronze Hatchet,Breepaca Potato,5000,1,2023-06-02T02:32:20.000Z,https://universalis.app/market/2546
2547,Amateur's Hatchet,Sesame Buns,5000,1,2023-06-24T04:22:41.000Z,https://universalis.app/market/2547
2548,Iron Hatchet,Lila Gris,13000,1,2023-06-11T00:36:26.000Z,https://universalis.app/market/2548
2549,Initiate's Hatchet,Izanumi Akagi,10499,1,2023-06-20T23:28:27.000Z,https://universalis.app/market/2549
2551,Plumed Iron Hatchet,Sarangerel Kha,29999,1,2023-06-01T05:09:16.000Z,https://universalis.app/market/2551
5359,Chocobo Feather,Ziforia Willosprig,34999,1,2023-06-02T05:27:16.000Z,https://universalis.app/market/5359
2552,Steel Hatchet,Nonrea Pewpew,2000,1,2023-06-25T00:41:31.000Z,https://universalis.app/market/2552
2553,Plumed Steel Hatchet,Kethra Vae,590,1,2023-06-26T00:51:29.000Z,https://universalis.app/market/2553
2554,Mythril Hatchet,Rummet Tah,19999,1,2023-06-01T02:49:56.000Z,https://universalis.app/market/2554
2555,Cobalt Hatchet,Morag Stilwell,5000,1,2023-06-02T12:34:17.000Z,https://universalis.app/market/2555
2556,Horned Hatchet,Pancake Syrup,60000,1,2023-06-04T13:50:07.000Z,https://universalis.app/market/2556
2560,Bronze Scythe,Doctor Tranosaurus,8000,1,2023-06-11T03:48:30.000Z,https://universalis.app/market/2560
2562,Iron Scythe,Tanya Fairy,14000,1,2023-06-08T01:25:24.000Z,https://universalis.app/market/2562
2563,Initiate's Scythe,Amelie Vissalia,12000,1,2023-06-13T08:30:07.000Z,https://universalis.app/market/2563
2565,Steel Scythe,Vero Peeter,30000,1,2023-06-09T07:21:39.000Z,https://universalis.app/market/2565
2566,Wrapped Steel Scythe,Nagi Blackwood,1000,1,2023-06-20T01:04:26.000Z,https://universalis.app/market/2566
2568,Mythril Scythe,Saad Maan,10000,1,2023-06-03T03:34:56.000Z,https://universalis.app/market/2568
2569,Cobalt Scythe,Ashlin Rizer,22000,1,2023-06-10T17:30:37.000Z,https://universalis.app/market/2569
2570,Militia Scythe,Mizuki Hana,50000,1,2023-06-23T03:24:48.000Z,https://universalis.app/market/2570
2572,Maple Fishing Rod,Eryllis Lilith,500,1,2023-06-02T02:50:36.000Z,https://universalis.app/market/2572
2573,Amateur's Fishing Rod,Kennedy Meadow,4890,1,2023-06-13T22:39:44.000Z,https://universalis.app/market/2573
2574,Elm Fishing Rod,Gabriella Solara,6700,1,2023-06-26T01:09:44.000Z,https://universalis.app/market/2574
2575,Initiate's Fishing Rod,Terrace De'tusk,5000,1,2023-06-08T04:21:55.000Z,https://universalis.app/market/2575
2576,Yew Fishing Rod,Terrace De'tusk,5000,1,2023-06-08T08:36:06.000Z,https://universalis.app/market/2576
2577,Staghorn Fishing Rod,Crystal Xhasin,14000,1,2023-06-15T01:10:24.000Z,https://universalis.app/market/2577
2578,Walnut Fishing Rod,Celix Naline,15000,1,2023-06-18T00:42:34.000Z,https://universalis.app/market/2578
2579,Horn Fishing Rod,Belit Qestir,10000,1,2023-06-14T15:29:11.000Z,https://universalis.app/market/2579
2580,Mahogany Fishing Rod,Shuleyn Elilnebbwyn,25000,1,2023-06-10T22:40:07.000Z,https://universalis.app/market/2580
2581,Rosewood Fishing Rod,Adventure Provisions,18000,1,2023-06-10T16:03:48.000Z,https://universalis.app/market/2581
2582,Gilded Rosewood Fishing Rod,Syeira Strongshield,58999,1,2023-06-09T04:25:55.000Z,https://universalis.app/market/2582
2588,Crayfish Ball,Rayla Valdez,199,99,2023-06-02T20:32:28.000Z,https://universalis.app/market/2588
4825,Rye Flour,Rayla Valdez,200,99,2023-06-02T19:52:46.000Z,https://universalis.app/market/4825
4925,Crayfish,Esmeralda Akarui,2000,1,2023-06-18T06:27:07.000Z,https://universalis.app/market/4925
2589,Goby Ball,Debroye Paharo,19995,10,2023-06-16T12:49:03.000Z,https://universalis.app/market/2589
4931,Dusk Goby,Big Mommas,300,40,2023-06-13T20:28:10.000Z,https://universalis.app/market/4931
2593,Crab Ball,Roo Iam,20,99,2023-06-13T00:35:48.000Z,https://universalis.app/market/2593
4880,Helmet Crab,Illia Unova,9999,4,2023-06-23T00:57:20.000Z,https://universalis.app/market/4880
2595,Bass Ball,Aldryn Blaiddyd,5,99,2023-06-09T01:49:29.000Z,https://universalis.app/market/2595
4826,Sunset Wheat Flour,Cyn Feldspar,800,1,2023-06-27T01:47:19.000Z,https://universalis.app/market/4826
4959,Dark Bass,Big Mommas,6969,1,2023-06-15T04:31:28.000Z,https://universalis.app/market/4959
2598,Herring Ball,Veneria Foreshadow,14,99,2023-06-03T15:12:57.000Z,https://universalis.app/market/2598
4895,Indigo Herring,Kat Bajhiri,1370,3,2023-06-03T06:25:53.000Z,https://universalis.app/market/4895
2610,Chocobo Fly,Voius Flare,485,1,2023-06-02T03:30:27.000Z,https://universalis.app/market/2610
2611,Floating Minnow,Kana Xiao,500,15,2023-06-08T03:20:56.000Z,https://universalis.app/market/2611
2612,Brass Spoon Lure,The Emissary,2996,25,2023-06-13T07:23:15.000Z,https://universalis.app/market/2612
2614,Crow Fly,Star Rei,4750,3,2023-06-11T19:03:01.000Z,https://universalis.app/market/2614
2615,Silver Spoon Lure,Kana Xiao,275,15,2023-06-08T03:42:49.000Z,https://universalis.app/market/2615
2616,Steel Jig,Ichiro Kaibyo,2500,4,2023-06-10T03:55:16.000Z,https://universalis.app/market/2616
2617,Sinking Minnow,Serafina Pekkala,3000,5,2023-06-11T09:56:30.000Z,https://universalis.app/market/2617
2618,Snurble Fly,Tammo Mae,5000,2,2023-06-08T22:18:59.000Z,https://universalis.app/market/2618
5349,Snurble Tufts,Kovah Payne,3000,4,2023-06-01T21:00:46.000Z,https://universalis.app/market/5349
2619,Heavy Steel Jig,Fr Og,3000,9,2023-06-05T02:40:25.000Z,https://universalis.app/market/2619
2620,Spinner,Yuko Asai,3000,5,2023-06-04T21:20:01.000Z,https://universalis.app/market/2620
4900,Whitelip Oyster,Bubusu Busu,10000,7,2023-06-01T03:51:24.000Z,https://universalis.app/market/4900
2622,Mythril Spoon Lure,Ipomoea Alba,80,10,2023-06-12T01:00:33.000Z,https://universalis.app/market/2622
2623,Wildfowl Fly,Bastien Camus,400,3,2023-06-05T00:51:28.000Z,https://universalis.app/market/2623
2624,Topwater Frog,Elowynn Fomortiis,3000,5,2023-06-15T02:00:51.000Z,https://universalis.app/market/2624
2625,Rainbow Spoon Lure,Koh'a Tami,4000,3,2023-06-02T21:37:47.000Z,https://universalis.app/market/2625
5466,Blacklip Oyster,Veeara Aryxon,10000,1,2023-06-22T07:10:06.000Z,https://universalis.app/market/5466
2626,Spinnerbait,Pumpkin King,4000,5,2023-06-02T00:50:48.000Z,https://universalis.app/market/2626
5329,Undyed Felt,Kaegenth High-heart,10002,2,2023-06-21T23:38:25.000Z,https://universalis.app/market/5329
2627,Streamer,Pumpkin King,3000,5,2023-06-02T00:50:35.000Z,https://universalis.app/market/2627
2628,Yumizuno,Tammo Mae,9000,1,2023-06-16T02:22:18.000Z,https://universalis.app/market/2628
2629,Hempen Coif,Hak Eroni,10000,1,2023-06-11T22:10:23.000Z,https://universalis.app/market/2629
2630,Hempen Coif of Gathering,Lucian Everstone,100000,1,2023-06-12T05:54:11.000Z,https://universalis.app/market/2630
2631,Leather Calot,Maja Sturmfrei,8500,1,2023-06-11T02:31:43.000Z,https://universalis.app/market/2631
12590,Ramie Cloth,Casanova Endeavor,5000,10,2023-06-06T05:31:22.000Z,https://universalis.app/market/12590
12595,Ramie Thread,Methis Rend,3000,1,2023-06-18T01:42:02.000Z,https://universalis.app/market/12595
2652,Hempen Bandana,Beerus Genesis,10000,1,2023-06-11T06:51:45.000Z,https://universalis.app/market/2652
2653,Leather Eyepatch,Dino Punch-kick,3000,1,2023-06-01T14:40:22.000Z,https://universalis.app/market/2653
2654,Hard Leather Pot Helm,Sky Ice,500,1,2023-06-14T18:28:26.000Z,https://universalis.app/market/2654
2655,Hempen Hat,Beni Debeni,7455,1,2023-06-16T04:29:03.000Z,https://universalis.app/market/2655
2656,Bronze Chain Coif,Lune Marpierre,14500,1,2023-06-03T00:36:54.000Z,https://universalis.app/market/2656
5081,Bronze Rings,Gwen Grinnaux,11,99,2023-06-11T18:24:39.000Z,https://universalis.app/market/5081
2658,Straw Hat,Princess Moonbow,1200,1,2023-06-09T02:00:44.000Z,https://universalis.app/market/2658
5342,Straw,Mirandaa Sweetheart,450,99,2023-06-27T17:22:42.000Z,https://universalis.app/market/5342
2660,Amateur's Headgear,Reiko Saeki,4000,1,2023-06-18T03:49:42.000Z,https://universalis.app/market/2660
2661,Amateur's Hempen Coif,Phoenyx Corvidae,7000,1,2023-06-16T03:03:18.000Z,https://universalis.app/market/2661
2662,Bronze Sallet,Valek Thunderfist,4000,1,2023-06-08T03:35:38.000Z,https://universalis.app/market/2662
2663,Stablemaid's Hat,Dino Punch-kick,4495,1,2023-06-23T14:01:14.000Z,https://universalis.app/market/2663
5540,Carnation,X' Xathe,1000,1,2023-06-11T09:19:41.000Z,https://universalis.app/market/5540
2664,Bronze Barbut,Danny Astle,10000,1,2023-06-19T20:53:57.000Z,https://universalis.app/market/2664
2665,Cotton Turban,Kaya Runway,3500,1,2023-06-12T17:19:56.000Z,https://universalis.app/market/2665
2666,Stablehand's Hat,A'marya Stark,15000,1,2023-06-03T21:50:15.000Z,https://universalis.app/market/2666
2668,Brass Spectacles,Ephraim Slim,15000,1,2023-06-22T17:58:58.000Z,https://universalis.app/market/2668
5512,Clear Glass Lens,Makkie Sweetheart,1000,1,2023-06-03T11:54:43.000Z,https://universalis.app/market/5512
2669,Hard Leather Eyepatch,Valek Thunderfist,4006,1,2023-06-12T14:15:04.000Z,https://universalis.app/market/2669
2670,Cotton Scarf,Estelle Ceres,25000,1,2023-06-25T04:13:11.000Z,https://universalis.app/market/2670
2672,Hard Leather Skullcap,Johnny Pop'erz,5500,1,2023-06-10T21:06:41.000Z,https://universalis.app/market/2672
2673,Bronze Celata,Mystique Tia,2699,1,2023-06-26T17:51:09.000Z,https://universalis.app/market/2673
2675,Ash Mask,Saviana Astrala,2500,1,2023-06-01T03:48:42.000Z,https://universalis.app/market/2675
2677,Hunting Hat,Dezkiimro Avagnar,5600,1,2023-06-14T05:02:40.000Z,https://universalis.app/market/2677
2680,Decorated Bronze Barbut,Haato Mochizuki,25000,1,2023-06-03T00:11:03.000Z,https://universalis.app/market/2680
2685,Brass Circlet (Sunstone),Akari Sara,10000,1,2023-06-09T22:44:04.000Z,https://universalis.app/market/2685
5169,Sunstone,Aeryn Moonstar,82,2,2023-06-14T19:37:44.000Z,https://universalis.app/market/5169
2687,Brass Circlet (Danburite),Revannah Rihl,4000,1,2023-06-06T21:01:14.000Z,https://universalis.app/market/2687
5170,Danburite,Mystique Tia,450,1,2023-06-16T14:30:42.000Z,https://universalis.app/market/5170
2689,Brass Circlet (Malachite),Danny Astle,1499,1,2023-06-02T04:00:27.000Z,https://universalis.app/market/2689
5171,Malachite,Rachel Sinclare,15000,1,2023-06-01T04:25:56.000Z,https://universalis.app/market/5171
2691,Brass Circlet (Sphene),Faul'st Helio,9000,1,2023-06-19T23:29:48.000Z,https://universalis.app/market/2691
5172,Sphene,Luka Mikama,101,1,2023-06-08T16:24:00.000Z,https://universalis.app/market/5172
2693,Brass Circlet (Fluorite),Cyn Feldspar,50,1,2023-06-10T00:23:40.000Z,https://universalis.app/market/2693
5173,Fluorite,Luka Mikama,987,2,2023-06-08T16:26:02.000Z,https://universalis.app/market/5173
2695,Brass Circlet (Lapis Lazuli),Revannah Rihl,2999,1,2023-06-24T13:46:42.000Z,https://universalis.app/market/2695
5174,Lapis Lazuli,Debroye Paharo,700,1,2023-06-07T22:27:45.000Z,https://universalis.app/market/5174
2697,Goatskin Pot Helm,Veneria Foreshadow,7000,1,2023-06-15T05:45:15.000Z,https://universalis.app/market/2697
2699,Cotton Coif,Edgar Strife,9000,1,2023-06-08T07:40:03.000Z,https://universalis.app/market/2699
2700,Cotton Coif of Gathering,Layah O'rhora,19550,1,2023-06-17T21:09:34.000Z,https://universalis.app/market/2700
2703,Ash Mask (Lapis Lazuli),Angelica Lati,10000,1,2023-06-02T22:27:35.000Z,https://universalis.app/market/2703
2708,Iron Sallet,Dusk Evenfall,30000,1,2023-06-14T07:54:00.000Z,https://universalis.app/market/2708
2710,Goatskin Eyepatch,Mal Oretsev,30000,1,2023-06-10T04:38:31.000Z,https://universalis.app/market/2710
2712,Iron Celata,Eva Lynn,25000,1,2023-06-12T01:22:58.000Z,https://universalis.app/market/2712
5082,Iron Rings,Patz Lelani,500,1,2023-06-11T23:09:16.000Z,https://universalis.app/market/5082
2714,Initiate's Headgear,Miku Milk,12000000,1,2023-06-22T12:55:35.000Z,https://universalis.app/market/2714
2719,Cotton Sugarloaf Hat,Plinio Ricardo,10000,1,2023-06-04T21:37:09.000Z,https://universalis.app/market/2719
2723,Iron Elmo,Sjena Vale,3000,1,2023-06-12T05:15:03.000Z,https://universalis.app/market/2723
2725,Reinforced Iron Sallet,Yunco Henoyima,25000,1,2023-06-01T22:46:12.000Z,https://universalis.app/market/2725
2727,Velveteen Bandana,Valaya Yswarra,19250,1,2023-06-04T20:34:09.000Z,https://universalis.app/market/2727
2728,Silver Spectacles,Ultra'a Sodapop,59998,1,2023-06-14T12:27:31.000Z,https://universalis.app/market/2728
2729,Velveteen Turban,Zabuza Yuki,11110,1,2023-06-09T11:32:31.000Z,https://universalis.app/market/2729
2731,Silver Magnifiers,Dontonberry's Grudge,29999,1,2023-06-21T16:54:25.000Z,https://universalis.app/market/2731
2733,Velveteen Wedge Cap of Crafting,Princess Moonbow,15918,1,2023-06-17T04:35:04.000Z,https://universalis.app/market/2733
2734,Velveteen Wedge Cap of Gathering,Sundavr Softsky,15000,1,2023-06-01T11:04:38.000Z,https://universalis.app/market/2734
2735,Silver Circlet (Garnet),Kotone Shiomy,10000,1,2023-06-14T00:30:38.000Z,https://universalis.app/market/2735
5175,Garnet,Esmeray Hina,79,5,2023-06-14T21:02:56.000Z,https://universalis.app/market/5175
2737,Silver Circlet (Goshenite),Fi Liaforte,10000,1,2023-06-14T19:15:06.000Z,https://universalis.app/market/2737
5176,Goshenite,Yuki Ronso,443,1,2023-06-14T23:20:32.000Z,https://universalis.app/market/5176
2739,Silver Circlet (Peridot),Haru Shirogane,20898,1,2023-06-08T01:45:03.000Z,https://universalis.app/market/2739
5177,Peridot,Maotou Xiao,269,1,2023-06-05T08:50:10.000Z,https://universalis.app/market/5177
2741,Silver Circlet (Heliodor),Vanilla Mochi,10000,1,2023-06-12T14:06:35.000Z,https://universalis.app/market/2741
5178,Heliodor,J'vatse Taqa,380,1,2023-06-08T14:55:03.000Z,https://universalis.app/market/5178
2743,Silver Circlet (Amethyst),Winter Vermillion,14898,1,2023-06-07T00:36:55.000Z,https://universalis.app/market/2743
5179,Amethyst,Tammo Mae,1499,2,2023-06-06T02:11:44.000Z,https://universalis.app/market/5179
2745,Silver Circlet (Aquamarine),Ayame Haragin,8968,1,2023-06-09T18:26:00.000Z,https://universalis.app/market/2745
5180,Aquamarine,Raven Lionheart,200,2,2023-06-27T21:45:55.000Z,https://universalis.app/market/5180
2750,Velveteen Beret,Aly Non,20000,1,2023-06-13T01:13:35.000Z,https://universalis.app/market/2750
5343,Cotton Boll,Quilla Nightshade,6000,1,2023-06-09T15:55:04.000Z,https://universalis.app/market/5343
5355,Dodo Feather,Zowie Arias,749,5,2023-06-25T01:01:28.000Z,https://universalis.app/market/5355
2753,Steel Sallet,Johnny Pop'erz,39999,1,2023-06-08T17:41:54.000Z,https://universalis.app/market/2753
2755,Steel Celata,Venus Rising,30000,1,2023-06-05T02:22:21.000Z,https://universalis.app/market/2755
2757,Vintage Celata,Lucius Brightstone,48000,1,2023-06-05T21:24:11.000Z,https://universalis.app/market/2757
2758,Steel Goggles,Jay Sabertooth,59999,1,2023-06-16T19:23:44.000Z,https://universalis.app/market/2758
2763,Velveteen Sugarloaf Hat,Danny Astle,20000,1,2023-06-14T08:44:04.000Z,https://universalis.app/market/2763
2765,Steel Elmo,Neat Yu,5000,1,2023-06-10T04:10:04.000Z,https://universalis.app/market/2765
2767,Skull Eyepatch,Lomina Tsukaya,30000,1,2023-06-04T13:42:22.000Z,https://universalis.app/market/2767
2769,Mythril Magnifiers,E'skei Kiva,22000,1,2023-06-01T02:23:44.000Z,https://universalis.app/market/2769
2774,Mythril Spectacles,Kyorlis Kupo,59999,1,2023-06-14T00:26:17.000Z,https://universalis.app/market/2774
2776,Linen Turban,Dertah Ebonwing,30000000,1,2023-06-10T22:27:16.000Z,https://universalis.app/market/2776
2778,Angler's Hat,Luna Aracle,14999,1,2023-06-16T01:17:34.000Z,https://universalis.app/market/2778
2779,Linen Hat,Loija Djt-gilda,23249,1,2023-06-18T08:00:46.000Z,https://universalis.app/market/2779
2785,Vintage Chef's Hat,Teledji Adeledji,23000,1,2023-06-01T21:59:47.000Z,https://universalis.app/market/2785
2657,Ripped Chef's Hat,Justine Lethira,23000,1,2023-06-02T22:44:56.000Z,https://universalis.app/market/2657
2786,Steel Barbut,Winter Vermillion,10000,1,2023-06-05T00:00:48.000Z,https://universalis.app/market/2786
2790,Mythril Circlet (Rubellite),Hannibal Lechter,27499,1,2023-06-25T23:31:41.000Z,https://universalis.app/market/2790
5181,Rubellite,Crimson Myst,2000,1,2023-06-15T17:11:37.000Z,https://universalis.app/market/5181
2792,Mythril Circlet (Zircon),Misty Blade,4949,1,2023-06-23T00:31:52.000Z,https://universalis.app/market/2792
5182,Zircon,Ajax Hughes,1002,1,2023-06-28T02:10:32.000Z,https://universalis.app/market/5182
2794,Mythril Circlet (Tourmaline),Nocette Joulioud,6897,1,2023-06-16T00:59:30.000Z,https://universalis.app/market/2794
2796,Mythril Circlet (Amber),Theon Ambrose,5000,1,2023-06-18T21:19:03.000Z,https://universalis.app/market/2796
5184,Amber,Ajax Hughes,3000,2,2023-06-20T18:37:01.000Z,https://universalis.app/market/5184
2798,Mythril Circlet (Spinel),Hecate Getsuhime,4000,1,2023-06-14T17:33:36.000Z,https://universalis.app/market/2798
5185,Spinel,Zmega Slayer,4000,1,2023-06-22T21:28:07.000Z,https://universalis.app/market/5185
2800,Mythril Circlet (Turquoise),Yuki Ronso,2000,1,2023-06-13T03:55:24.000Z,https://universalis.app/market/2800
5186,Turquoise,Rosalinde Aurifort,140,2,2023-06-26T01:00:55.000Z,https://universalis.app/market/5186
2802,Mythril Elmo,Masha Zolsesi,30000,1,2023-06-01T02:09:37.000Z,https://universalis.app/market/2802
2804,Linen Wedge Cap of Crafting,Northern Lite,24999,1,2023-06-10T06:08:29.000Z,https://universalis.app/market/2804
2805,Linen Wedge Cap of Gathering,Danny Astle,11250,1,2023-06-19T20:54:30.000Z,https://universalis.app/market/2805
2806,Woolen Coif,Hazak Maguzak,17249,1,2023-06-25T21:43:45.000Z,https://universalis.app/market/2806
5328,Undyed Woolen Cloth,Austin Firehawk,30000,2,2023-06-19T02:44:35.000Z,https://universalis.app/market/5328
2808,Woolen Coif of Gathering,Ultra'a Sodapop,70000,1,2023-06-11T10:37:28.000Z,https://universalis.app/market/2808
2810,Woolen Turban,Belit Qestir,29666,1,2023-06-18T15:22:01.000Z,https://universalis.app/market/2810
2812,Mythril Celata,Safrar Estrella,14000,1,2023-06-13T02:10:26.000Z,https://universalis.app/market/2812
5089,Mythril Rings,Jacket Elyza,489,1,2023-06-11T12:45:55.000Z,https://universalis.app/market/5089
2814,Woolen Hat,Bojangels Mhw,29250,1,2023-06-09T01:03:52.000Z,https://universalis.app/market/2814
2816,Linen Deerstalker,Kana'nis Lumimae,30000,1,2023-06-02T00:38:40.000Z,https://universalis.app/market/2816
2817,Mythril Barbut,Izumi Spencer,20000,1,2023-06-14T07:18:37.000Z,https://universalis.app/market/2817
2819,Mythril Mesail,Winter Vermillion,20000,1,2023-06-10T21:51:34.000Z,https://universalis.app/market/2819
2825,Ranger's Hat,Drippin W',1699,1,2023-06-18T02:28:25.000Z,https://universalis.app/market/2825
2827,Mythril Chain Coif,Alastar Kuroi,3999,1,2023-06-10T02:47:53.000Z,https://universalis.app/market/2827
2829,Woolen Beret,Mal Oretsev,39999,1,2023-06-08T18:53:28.000Z,https://universalis.app/market/2829
5348,Apkallu Down,Rizzlord Kyle,1000,1,2023-06-03T05:18:52.000Z,https://universalis.app/market/5348
2830,Reinforced Mythril Elmo,Sinni Myval,49999,1,2023-06-13T18:22:51.000Z,https://universalis.app/market/2830
2832,Woolen Cavalier's Hat,Ladislas Braddock,6500,1,2023-06-03T05:54:28.000Z,https://universalis.app/market/2832
2834,Cobalt Preserves,Waka Furen,39999,1,2023-06-04T08:55:33.000Z,https://universalis.app/market/2834
2835,Felt Coif,Lucian Everstone,15500,1,2023-06-01T07:15:22.000Z,https://universalis.app/market/2835
2837,Felt Coif of Gathering,Ultra'a Sodapop,19997,1,2023-06-13T08:46:33.000Z,https://universalis.app/market/2837
2850,Cobalt Elmo,Aurelia Celestrea,19000,1,2023-06-04T01:28:50.000Z,https://universalis.app/market/2850
2852,Felt Hat,Rengoku San,40000,1,2023-06-08T00:24:08.000Z,https://universalis.app/market/2852
2854,Woolen Deerstalker,Kazan Fallen,15250,1,2023-06-12T00:40:08.000Z,https://universalis.app/market/2854
2855,Vintage Jester's Cap,Bedda Bells,24000,1,2023-06-01T19:44:06.000Z,https://universalis.app/market/2855
2702,Moldering Jester's Cap,Fredo Lifeheart,6900,1,2023-06-18T03:33:45.000Z,https://universalis.app/market/2702
2857,Electrum Monocle,Stygian Solidor,10898,1,2023-06-02T23:26:53.000Z,https://universalis.app/market/2857
5087,Brass Rings,Cold Warm,800,2,2023-06-18T11:19:16.000Z,https://universalis.app/market/5087
2859,Cobalt Barbut,Frayyr Wolken,40000,1,2023-06-05T03:25:37.000Z,https://universalis.app/market/2859
2861,Cobalt Mesail,Silas Othemaas,40000,1,2023-06-01T13:56:49.000Z,https://universalis.app/market/2861
2862,Raptorskin Pot Helm,Burnished Topaz,6000,1,2023-06-08T05:12:07.000Z,https://universalis.app/market/2862
2870,Electrum Circlet (Rubellite),Uinen Lamer,31000,1,2023-06-15T20:37:55.000Z,https://universalis.app/market/2870
2872,Electrum Circlet (Zircon),Noi Kasahara,25000,1,2023-06-10T00:55:17.000Z,https://universalis.app/market/2872
2874,Electrum Circlet (Tourmaline),Shinobu Aragaki,6880,1,2023-06-15T07:41:26.000Z,https://universalis.app/market/2874
2876,Electrum Circlet (Amber),Akari Sara,42000,1,2023-06-10T00:28:26.000Z,https://universalis.app/market/2876
2878,Electrum Circlet (Spinel),Noi Kasahara,32000,1,2023-06-10T00:55:02.000Z,https://universalis.app/market/2878
2880,Electrum Circlet (Turquoise),Dradis Lulo,688,1,2023-06-13T06:21:28.000Z,https://universalis.app/market/2880
2882,Rainmaker's Hat,Black Licorice,15000,1,2023-06-10T05:41:34.000Z,https://universalis.app/market/2882
2884,Cobalt Chain Coif,Esen Durai,3999,1,2023-06-14T12:24:23.000Z,https://universalis.app/market/2884
5084,Cobalt Rings,Lag Goodfellow,2899,1,2023-06-02T23:28:36.000Z,https://universalis.app/market/5084
2886,Felt Beret,Drefen Raexs,15000,1,2023-06-13T06:36:12.000Z,https://universalis.app/market/2886
2888,Vintage Coif,Ayame Haragin,25000,1,2023-06-15T13:10:01.000Z,https://universalis.app/market/2888
2759,Torn Coif,Kyrie Arkenell,9998,1,2023-06-14T01:47:40.000Z,https://universalis.app/market/2759
2889,Cobalt Celata,Dino Punch-kick,1000,1,2023-06-16T17:23:01.000Z,https://universalis.app/market/2889
2891,Felt Cavalier's Hat,Asrael Galan,32000,1,2023-06-06T11:14:17.000Z,https://universalis.app/market/2891
2893,Cobalt Sallet,Bridgitte Lightslayer,35000,1,2023-06-03T20:38:49.000Z,https://universalis.app/market/2893
2895,Patrician's Wedge Cap,Doctor Bedlam,50000,1,2023-06-09T21:10:31.000Z,https://universalis.app/market/2895
2911,Militia Barbut,Silas Othemaas,14999,1,2023-06-01T13:44:05.000Z,https://universalis.app/market/2911
2912,Militia Armet,Vennault Vallefort,995,1,2023-06-16T03:02:21.000Z,https://universalis.app/market/2912
2913,Militia Hat,Ringo Shirosagi,2000,1,2023-06-04T21:36:58.000Z,https://universalis.app/market/2913
2915,Silver Tricorne,Sapather Lokabain,9000,1,2023-06-02T02:52:11.000Z,https://universalis.app/market/2915
5287,Uraeus Leather,Astra Archeron,8500,1,2023-06-02T21:40:39.000Z,https://universalis.app/market/5287
2920,Carpenter's Hood,Eun Eryuell,29950,1,2023-06-17T10:17:55.000Z,https://universalis.app/market/2920
2921,Blacksmith's Goggles,Northern Lite,15000,1,2023-06-13T05:05:10.000Z,https://universalis.app/market/2921
2922,Armorer's Visor,Xavion Qestir,19998,1,2023-06-02T03:39:41.000Z,https://universalis.app/market/2922
2923,Goldsmith's Turban,Kieran Corvinus,35000,1,2023-06-08T02:32:33.000Z,https://universalis.app/market/2923
2924,Leatherworker's Hat,Lucius Silvia,35000,1,2023-06-03T21:21:43.000Z,https://universalis.app/market/2924
2925,Weaver's Gibus,Kieran Corvinus,85000,1,2023-06-08T04:25:11.000Z,https://universalis.app/market/2925
2927,Culinarian's Hat,Rayla Valdez,550000,1,2023-06-03T18:21:01.000Z,https://universalis.app/market/2927
2928,Hamlet Digger's Helmet,Bkilla Iravage,40072,1,2023-06-14T23:00:27.000Z,https://universalis.app/market/2928
2929,Hamlet Cutter's Hat,Waka Furen,50000,1,2023-06-08T23:01:13.000Z,https://universalis.app/market/2929
2930,Hamlet Puller's Hat,Lucius Silvia,22222,1,2023-06-03T21:24:57.000Z,https://universalis.app/market/2930
2932,Rose Gold Circlet,Warder' Erichthonios,2750,1,2023-06-09T02:12:35.000Z,https://universalis.app/market/2932
2931,Legionary Visor,Wisty Faelira,18000000,1,2023-06-20T20:18:55.000Z,https://universalis.app/market/2931
5067,Rose Gold Ingot,Yennekar Rothstaylor,2995,1,2023-06-15T17:16:03.000Z,https://universalis.app/market/5067
5289,Hard Hippogryph Leather,Yshara Eridan,6000,1,2023-06-27T03:30:47.000Z,https://universalis.app/market/5289
2940,Darksteel Chain Coif,T'falah Thyellas,3400,1,2023-06-03T18:15:27.000Z,https://universalis.app/market/2940
5085,Darksteel Rings,Surly Panther,998,1,2023-06-17T00:24:48.000Z,https://universalis.app/market/5085
2941,Vanya Hat of Casting,Getsumei Odachi,12092,1,2023-06-01T18:45:07.000Z,https://universalis.app/market/2941
5577,Vanya Silk Hat Lining,Didrianna Winterset,2000,2,2023-06-05T03:26:21.000Z,https://universalis.app/market/5577
2942,Vanya Hat of Healing,Marigold Sesunni,4995,1,2023-06-09T06:18:39.000Z,https://universalis.app/market/2942
2958,Hempen Dalmatica,Honey Bourbon,2000,1,2023-06-11T21:50:50.000Z,https://universalis.app/market/2958
2959,Hempen Dalmatica of Gathering,Kiba Xing,1000,1,2023-06-02T04:24:31.000Z,https://universalis.app/market/2959
2960,Hempen Tunic,Alenia Urumet,5000,1,2023-06-07T03:27:00.000Z,https://universalis.app/market/2960
2961,Hempen Kurta,Supreme Tacos,20,1,2023-06-05T02:53:52.000Z,https://universalis.app/market/2961
2993,Company Tabard,Rinie Nakano,1845000,1,2023-06-15T22:52:44.000Z,https://universalis.app/market/2993
2996,Hempen Undershirt,Zhalt'a Molkot,13666,1,2023-06-02T03:37:53.000Z,https://universalis.app/market/2996
2997,Hempen Camise,Ryo Honeytoast,19900000,1,2023-06-19T17:39:35.000Z,https://universalis.app/market/2997
2999,Hempen Tabard,Legato Bloode,50000,1,2023-06-09T09:20:03.000Z,https://universalis.app/market/2999
3000,Hempen Cowl,Mocha Roundbottom,1000,1,2023-06-21T16:52:15.000Z,https://universalis.app/market/3000
3001,Hempen Shepherd's Tunic,Winnie Winston,5846,1,2023-06-17T19:06:18.000Z,https://universalis.app/market/3001
3008,Hempen Acton,Kiba Xing,1000,1,2023-06-03T22:53:44.000Z,https://universalis.app/market/3008
5341,Moko Grass,Lucin Tidalheim,111,99,2023-06-11T17:37:01.000Z,https://universalis.app/market/5341
3010,Hempen Halfrobe,Naomi Kusakari,5000,1,2023-06-06T21:32:31.000Z,https://universalis.app/market/3010
3011,Bronze Haubergeon,Xalia Relanah,10000,1,2023-06-11T19:29:13.000Z,https://universalis.app/market/3011
3013,Amateur's Doublet Vest,Adasser Hansusdottir,10000,1,2023-06-19T00:40:14.000Z,https://universalis.app/market/3013
3014,Amateur's Kurta,Ree Tat,15000000,1,2023-06-01T23:42:59.000Z,https://universalis.app/market/3014
3015,Amateur's Dalmatica,Mizuru Xenopheo,10000,1,2023-06-07T08:44:44.000Z,https://universalis.app/market/3015
3016,Leather Jacket,Puss N'boot's,20000,1,2023-06-04T01:59:40.000Z,https://universalis.app/market/3016
3017,Hard Leather Harness,Mech Lemon,5000,1,2023-06-07T21:06:24.000Z,https://universalis.app/market/3017
3018,Hempen Robe,Keira Knightwalker,6000,1,2023-06-09T20:11:36.000Z,https://universalis.app/market/3018
3019,Hempen Doublet Vest of Crafting,Vast Bear,15000,1,2023-06-17T22:23:40.000Z,https://universalis.app/market/3019
3020,Hempen Doublet Vest of Gathering,Kana'nis Lumimae,1209,1,2023-06-01T02:19:06.000Z,https://universalis.app/market/3020
3022,Cotton Shirt,Veneria Foreshadow,9000,1,2023-06-15T05:06:46.000Z,https://universalis.app/market/3022
3023,Cotton Shepherd's Tunic,Kira Kaibyo,8000,1,2023-06-14T23:05:57.000Z,https://universalis.app/market/3023
3024,Cotton Cowl,Cookie Monstr,30000000,1,2023-06-19T05:51:11.000Z,https://universalis.app/market/3024
3026,Bronze Cuirass,Cyn Feldspar,500,1,2023-06-06T21:58:52.000Z,https://universalis.app/market/3026
3028,Cotton Tabard,Miia Eternalle,29000000,1,2023-06-05T06:12:27.000Z,https://universalis.app/market/3028
3036,Cotton Dalmatica,Dino Punch-kick,14250,1,2023-06-23T21:39:22.000Z,https://universalis.app/market/3036
3038,Cotton Dalmatica of Gathering,Luna Duskweaver,15000,1,2023-06-03T17:09:07.000Z,https://universalis.app/market/3038
3039,Cotton Acton,Amber Wood,29999,1,2023-06-11T10:31:33.000Z,https://universalis.app/market/3039
3041,Cotton Kurta,Ciel Bleu,5000,1,2023-06-15T08:46:21.000Z,https://universalis.app/market/3041
3043,Goatskin Jacket,Dusk Evenfall,899,1,2023-06-19T14:42:19.000Z,https://universalis.app/market/3043
3045,Iron Cuirass,Olina Seekheart,8000,1,2023-06-20T03:42:30.000Z,https://universalis.app/market/3045
3050,Cotton Halfrobe,Fi Liaforte,6000,1,2023-06-14T19:15:44.000Z,https://universalis.app/market/3050
3052,Cotton Doublet Vest of Crafting,Drefen Raexs,39999,1,2023-06-03T18:13:52.000Z,https://universalis.app/market/3052
3053,Cotton Doublet Vest of Gathering,Netalia Lackless,5000,1,2023-06-01T02:32:11.000Z,https://universalis.app/market/3053
3057,Iron Scale Mail,Crimwol Scorchex,9850,1,2023-06-23T19:57:30.000Z,https://universalis.app/market/3057
3060,Cotton Trapper's Tunic,Balen Akadian,5000,1,2023-06-01T03:17:57.000Z,https://universalis.app/market/3060
3062,Cotton Robe,Ayame Haragin,10000,1,2023-06-09T03:28:15.000Z,https://universalis.app/market/3062
3064,Initiate's Doublet Vest,Adel Georgiou,28000,1,2023-06-25T06:47:58.000Z,https://universalis.app/market/3064
3065,Initiate's Gown,Nerguui Sun,423,1,2023-06-21T19:08:04.000Z,https://universalis.app/market/3065
3066,Velveteen Shirt,Ben'ri Charlevroix,21000,1,2023-06-22T23:12:52.000Z,https://universalis.app/market/3066
3068,Heavy Iron Armor,Epheria Silferia,29300400,1,2023-06-17T03:38:19.000Z,https://universalis.app/market/3068
3076,Vintage Coatee,Ender Shadegrove,22000,1,2023-06-10T18:25:15.000Z,https://universalis.app/market/3076
3077,Velveteen Coatee of Crafting,Anida Lemon,23999,1,2023-06-15T01:17:35.000Z,https://universalis.app/market/3077
3090,Velveteen Cowl,Kyugunjin X',777772,1,2023-06-25T00:11:15.000Z,https://universalis.app/market/3090
3092,Velveteen Coatee of Gathering,Danny Astle,18000,1,2023-06-07T09:51:02.000Z,https://universalis.app/market/3092
3096,Steel Chainmail,Malthy Jr,100000,1,2023-06-09T18:33:32.000Z,https://universalis.app/market/3096
5083,Steel Rings,Rachel Sinclare,750,12,2023-06-01T04:30:03.000Z,https://universalis.app/market/5083
3099,Toadskin Jerkin,Thadious Soletscutum,10000,1,2023-06-23T14:15:54.000Z,https://universalis.app/market/3099
3100,Toadskin Jacket,Anrakyr Edzhu,49999,1,2023-06-07T13:56:32.000Z,https://universalis.app/market/3100
3102,Steel Cuirass,Honey Bourbon,10000,1,2023-06-11T21:10:44.000Z,https://universalis.app/market/3102
3104,Velveteen Gown,Janyu Arie,12041,1,2023-06-05T17:37:40.000Z,https://universalis.app/market/3104
3105,Vintage Doublet Vest,Lloyd Shinzora,24000,1,2023-06-11T17:26:39.000Z,https://universalis.app/market/3105
2998,Frayed Cotton Doublet Vest,Dragen Rhaegar,13900,1,2023-06-11T01:19:35.000Z,https://universalis.app/market/2998
3106,Velveteen Robe,Dahlia Belrose,70000,1,2023-06-18T22:47:22.000Z,https://universalis.app/market/3106
3118,Steel Scale Mail,Neat Yu,18000,1,2023-06-10T04:09:54.000Z,https://universalis.app/market/3118
3120,Velveteen Doublet Vest of Crafting,Yunco Henoyima,15052,1,2023-06-05T21:03:11.000Z,https://universalis.app/market/3120
3121,Velveteen Doublet Vest of Gathering,Odor Rotteeth,14999,1,2023-06-15T01:24:50.000Z,https://universalis.app/market/3121
3125,Linen Shirt,Gathering Sins,48000000,1,2023-06-15T01:02:42.000Z,https://universalis.app/market/3125
3127,Heavy Steel Armor,Old Spice,15000,1,2023-06-08T07:56:56.000Z,https://universalis.app/market/3127
3131,Linen Robe,L'ux Aeterna,10000000,1,2023-06-19T07:40:58.000Z,https://universalis.app/market/3131
3137,Vintage Chef's Apron,Kaith Hara,26000,1,2023-06-08T14:42:46.000Z,https://universalis.app/market/3137
3012,Stained Chef's Apron,Venar Ymir,49999,1,2023-06-06T00:31:11.000Z,https://universalis.app/market/3012
3138,Boarskin Harness,Squall's Grave,19999,1,2023-06-14T00:20:27.000Z,https://universalis.app/market/3138
3140,Linen Cowl,Danny Astle,19999,1,2023-06-19T05:37:30.000Z,https://universalis.app/market/3140
3142,Horn Scale Mail,Familiar Knight,65000,1,2023-06-09T23:32:04.000Z,https://universalis.app/market/3142
3144,Linen Coatee of Crafting,Pandora Pansy,50000,1,2023-06-02T22:16:59.000Z,https://universalis.app/market/3144
3145,Linen Coatee of Gathering,Rorobin Fishy,18249,1,2023-06-21T20:19:19.000Z,https://universalis.app/market/3145
3146,Linen Bliaud,Uncle G',16000,1,2023-06-04T07:06:53.000Z,https://universalis.app/market/3146
3147,Woolen Shirt,Kanin Skogvokter,19998,1,2023-06-27T13:44:12.000Z,https://universalis.app/market/3147
3149,Mythril Cuirass,Hakai Subete,49999,1,2023-06-28T03:19:28.000Z,https://universalis.app/market/3149
3160,Woolen Robe,Artemis Olympia,16250,1,2023-06-14T01:11:14.000Z,https://universalis.app/market/3160
3162,Linen Smock,Sum Yumi,105000000,1,2023-06-17T04:27:48.000Z,https://universalis.app/market/3162
3163,Linen Doublet,Arthur Light,3070,1,2023-06-08T05:55:40.000Z,https://universalis.app/market/3163
3164,Vintage Scale Mail,Zmega Slayer,25000,1,2023-06-01T19:15:35.000Z,https://universalis.app/market/3164
3021,Blackened Scale Mail,Buumee Bubberson,20000,1,2023-06-04T21:39:43.000Z,https://universalis.app/market/3021
3165,Peisteskin Harness,Orihime Kurosaki,30000,1,2023-06-06T18:07:37.000Z,https://universalis.app/market/3165
3172,Ranger's Tunic,Artemis Neversleeps,4999,1,2023-06-12T05:34:32.000Z,https://universalis.app/market/3172
3174,Mythril Haubergeon,Lunaros Mendrithi,4000,1,2023-06-22T19:34:13.000Z,https://universalis.app/market/3174
3176,Woolen Gown,Loraethia Sudreth,50000,1,2023-06-08T17:59:13.000Z,https://universalis.app/market/3176
3177,Boarskin Jerkin,Gregory Bigdong,30000,1,2023-06-09T01:48:49.000Z,https://universalis.app/market/3177
3178,Woolen Bliaud,Nova Mamis,60000,1,2023-06-12T06:14:58.000Z,https://universalis.app/market/3178
3180,High Mythril Armor,Selene Amaris,20079,1,2023-06-11T05:32:36.000Z,https://universalis.app/market/3180
3182,Vintage Seneschal Coatee,Seisha Khushrenada,50000,1,2023-06-10T00:42:32.000Z,https://universalis.app/market/3182
3098,Moth-eaten Seneschal Coatee,Shogai Kyosaku,50064,1,2023-06-21T00:43:08.000Z,https://universalis.app/market/3098
3183,Tortoiseshell Scale Mail,Yugi Momo,39900,1,2023-06-03T01:21:55.000Z,https://universalis.app/market/3183
3185,Felt Robe,Azra Sunna,40000,1,2023-06-03T04:01:32.000Z,https://universalis.app/market/3185
3187,Woolen Smock,Kazan Fallen,19999,1,2023-06-12T00:40:16.000Z,https://universalis.app/market/3187
3188,Woolen Doublet,Lunaros Mendrithi,9850,1,2023-06-15T00:31:51.000Z,https://universalis.app/market/3188
3191,Raptorskin Harness,Sapather Lokabain,17098,1,2023-06-02T02:52:36.000Z,https://universalis.app/market/3191
3193,Woolen Cowl,Soymilk Skyia,15000,1,2023-06-18T23:42:03.000Z,https://universalis.app/market/3193
3201,Rainmaker's Tunic,Jykell Sega,40000,1,2023-06-17T23:18:17.000Z,https://universalis.app/market/3201
3203,Cobalt Haubergeon,Lalia Crestfall,50899,1,2023-06-01T20:10:31.000Z,https://universalis.app/market/3203
3205,Felt Gown,Belit Qestir,67900,1,2023-06-14T15:37:01.000Z,https://universalis.app/market/3205
3206,Raptorskin Jerkin,Sayana Himaa,49999,1,2023-06-17T10:59:44.000Z,https://universalis.app/market/3206
3208,Vintage Robe,Glynda Windynn,26000,1,2023-06-11T08:41:00.000Z,https://universalis.app/market/3208
3108,Tattered Robe,Glynda Windynn,5000,1,2023-06-11T02:13:58.000Z,https://universalis.app/market/3108
3209,Cobalt Cuirass,Familiar Knight,10526,1,2023-06-19T06:34:06.000Z,https://universalis.app/market/3209
3211,Felt Bliaud,Asrael Galan,60000,1,2023-06-06T11:14:12.000Z,https://universalis.app/market/3211
3213,Raptorskin Jacket,Nonaka Sakiko,30000,1,2023-06-07T23:33:37.000Z,https://universalis.app/market/3213
3215,Patrician's Coatee,Doctor Bedlam,50000,1,2023-06-09T21:10:36.000Z,https://universalis.app/market/3215
3218,Vintage Haubergeon,Khartukh Buduga,20000,1,2023-06-15T11:26:29.000Z,https://universalis.app/market/3218
3059,Ripped Haubergeon,Renari Invictus,3156,1,2023-06-04T00:46:13.000Z,https://universalis.app/market/3059
3229,Carpenter's Gown,Kieran Corvinus,10000,1,2023-06-08T02:55:49.000Z,https://universalis.app/market/3229
3231,Armorer's Gown,Tiamat Dragonhart,65000,1,2023-06-15T06:16:14.000Z,https://universalis.app/market/3231
3234,Weaver's Swallowtail,Waka Furen,85000,1,2023-06-12T01:58:16.000Z,https://universalis.app/market/3234
3237,Miner's Shirt,Bkilla Iravage,70000,1,2023-06-14T16:45:03.000Z,https://universalis.app/market/3237
3238,Botanist's Doublet,Nyte Stalkker,70000,1,2023-06-05T14:32:20.000Z,https://universalis.app/market/3238
3239,Fisher's Shirt,Xylienne Al'vere,65000,1,2023-06-18T19:56:24.000Z,https://universalis.app/market/3239
3240,Militia Robe,Ayame Haragin,400,1,2023-06-15T04:54:37.000Z,https://universalis.app/market/3240
3241,Militia Cuirass,Seras Vikutoria,9999,1,2023-06-11T08:38:10.000Z,https://universalis.app/market/3241
3242,Militia Harness,Loki Soulscar,25000,1,2023-06-15T13:38:11.000Z,https://universalis.app/market/3242
3243,Mosshorn Scale Mail,Ahxi Eclipse,9950,1,2023-06-08T16:05:56.000Z,https://universalis.app/market/3243
5437,Mossy Horn,Novus Kuromatsu,1100,1,2023-06-19T04:54:49.000Z,https://universalis.app/market/5437
3244,Dodore Doublet,Merinda Sunrider,35000,1,2023-06-03T08:03:08.000Z,https://universalis.app/market/3244
5286,Dodore Leather,Ayla Qayin,4000,2,2023-06-24T09:19:38.000Z,https://universalis.app/market/5286
3249,Imperial Operative Dalmatica,God Sama,1999,1,2023-06-18T21:31:16.000Z,https://universalis.app/market/3249
3256,Heavy Darksteel Armor,T'falah Thyellas,4000,1,2023-06-03T18:15:39.000Z,https://universalis.app/market/3256
5585,Darksteel Breastplate,Igni Sixe,2800,1,2023-06-03T18:14:24.000Z,https://universalis.app/market/5585
3257,Darksteel Haubergeon,Koznhevikova Rhiikoro,1000,1,2023-06-16T20:04:11.000Z,https://universalis.app/market/3257
5105,Garlean Steel Plate,Revali Swiftblade,2403,1,2023-06-15T18:07:33.000Z,https://universalis.app/market/5105
3258,Gryphonskin Jerkin,Arisu Kaisuri,2500,1,2023-06-12T17:58:06.000Z,https://universalis.app/market/3258
5290,Coeurl Fur,Peppo Poppo,330,2,2023-06-06T23:21:16.000Z,https://universalis.app/market/5290
5581,Gryphonskin Shoulder Guards,Didrianna Winterset,2000,2,2023-06-15T03:01:02.000Z,https://universalis.app/market/5581
3259,Gryphonskin Tunic,Daisy Bunn,700,1,2023-06-17T02:40:19.000Z,https://universalis.app/market/3259
5104,Garlean Steel Joint,Folkvar Egir,8000,4,2023-06-18T16:29:35.000Z,https://universalis.app/market/5104
3260,Vanya Robe of Casting,Bubbles Nightshade,4999,1,2023-06-02T22:47:31.000Z,https://universalis.app/market/3260
5578,Vanya Silk Robe Lining,Didrianna Winterset,2024,2,2023-06-15T03:00:10.000Z,https://universalis.app/market/5578
3261,Vanya Robe of Healing,Kari Alcmene,1152,1,2023-06-04T21:00:51.000Z,https://universalis.app/market/3261
3274,Hempen Breeches,Mio Tezuka,45000,1,2023-06-09T04:16:51.000Z,https://universalis.app/market/3274
3275,Hempen Breeches of Crafting,Titanium Tiddies,30000,1,2023-06-25T02:57:46.000Z,https://universalis.app/market/3275
3276,Hempen Shepherd's Slops,Dr Weenie,38000,1,2023-06-25T01:52:12.000Z,https://universalis.app/market/3276
3307,Hempen Underpants,Kumiko Enomoto,6000,1,2023-06-01T11:46:10.000Z,https://universalis.app/market/3307
3308,Hempen Pantalettes,Epheria Silferia,70000000,1,2023-06-17T07:22:04.000Z,https://universalis.app/market/3308
3309,Hempen Chausses,Leeta Hargrove,47999,1,2023-06-01T06:55:43.000Z,https://universalis.app/market/3309
3310,Leather Culottes,De'shaun Tia,10000,1,2023-06-05T06:28:53.000Z,https://universalis.app/market/3310
3311,Hempen Sarouel,Dino Punch-kick,40000,1,2023-06-01T14:41:04.000Z,https://universalis.app/market/3311
3312,Hempen Tights,Maloria Tsukiko,25000000,1,2023-06-08T19:07:31.000Z,https://universalis.app/market/3312
3313,Hempen Kecks,Lachelle Voras,4999,1,2023-06-06T23:16:40.000Z,https://universalis.app/market/3313
3314,Hempen Gaskins,Mis Fortune,3000,1,2023-06-24T19:55:34.000Z,https://universalis.app/market/3314
3315,Amateur's Slops,Naomi Kusakari,101000,1,2023-06-08T23:49:02.000Z,https://universalis.app/market/3315
