id,name,buyerName,pricePerUnit,quantity,timestamp,universalisUrl
8,Fire Crystal,Nazahn Adame,581,30,2024-07-06T22:07:23.000Z,https://universalis.app/market/8
9,Ice Crystal,Vasha Akusker,998,200,2024-06-22T19:43:00.000Z,https://universalis.app/market/9
10,Wind Crystal,Xinx Shadowcharr,999,200,2024-06-16T03:45:31.000Z,https://universalis.app/market/10
11,Earth Crystal,Vasha Akusker,998,200,2024-06-22T19:43:58.000Z,https://universalis.app/market/11
12,Lightning Crystal,Vasha Akusker,998,200,2024-06-22T19:44:13.000Z,https://universalis.app/market/12
13,Water Crystal,Free Boulder,234,124,2024-06-25T00:51:32.000Z,https://universalis.app/market/13
1613,Blunt Goblin Scimitar,Rena Rysto,1500,1,2024-06-22T05:01:03.000Z,https://universalis.app/market/1613
1616,Nicked Viking Sword,Saiyuki Akashi,11996,1,2024-06-14T06:06:21.000Z,https://universalis.app/market/1616
1701,Chipped Hora,Broken Stocks,435,1,2024-06-15T20:00:58.000Z,https://universalis.app/market/1701
2014,Splintered Cane,Bob Magrann,555,1,2024-06-09T05:51:13.000Z,https://universalis.app/market/2014
2068,Damaged Cudgel,Bouncy Baby,30,1,2024-06-15T23:30:53.000Z,https://universalis.app/market/2068
2158,Brittle Picatrix,Marza Ming,449,1,2024-06-14T23:07:14.000Z,https://universalis.app/market/2158
2224,Worm-eaten Square Shield,Yuki Ai,21059,1,2024-06-17T19:04:47.000Z,https://universalis.app/market/2224
2232,Rusting Scutum,Angelo Strong,18000,1,2024-06-16T02:16:51.000Z,https://universalis.app/market/2232
2237,Rotting Round Shield,Khoai Tay,400,1,2024-06-21T07:13:20.000Z,https://universalis.app/market/2237
2259,Scarred Kite Shield,Ek Lethe,661,1,2024-06-14T06:31:01.000Z,https://universalis.app/market/2259
2657,Ripped Chef's Hat,Mayzie Stormstout,10000,1,2024-06-21T17:15:09.000Z,https://universalis.app/market/2657
2667,Dented Celata,Jessinia Saneko,30,1,2024-06-18T00:47:45.000Z,https://universalis.app/market/2667
2702,Moldering Jester's Cap,Nuveros Amicus,3350,1,2024-06-23T22:10:07.000Z,https://universalis.app/market/2702
2759,Torn Coif,Kunu Pepyopee,5000,1,2024-06-20T15:24:41.000Z,https://universalis.app/market/2759
2998,Frayed Cotton Doublet Vest,Mayzie Stormstout,17000,1,2024-06-21T15:36:54.000Z,https://universalis.app/market/2998
3009,Moth-eaten Coatee,Carrissa Car,27050,1,2024-06-18T08:21:38.000Z,https://universalis.app/market/3009
3012,Stained Chef's Apron,Gabriella Solara,14025,1,2024-06-24T01:12:58.000Z,https://universalis.app/market/3012
3059,Ripped Haubergeon,Rho Diana,898,1,2024-06-16T02:40:59.000Z,https://universalis.app/market/3059
3098,Moth-eaten Seneschal Coatee,Elphelt Bellarose,27000,1,2024-06-10T08:15:03.000Z,https://universalis.app/market/3098
3108,Tattered Robe,Midnight Dream,20000,1,2024-06-19T08:49:27.000Z,https://universalis.app/market/3108
3342,Ripped Hose,Noctis Luciis-caelum,1460,1,2024-07-04T02:37:00.000Z,https://universalis.app/market/3342
3602,Blackened Smithy's Gloves,Vonosten Asuka,19999,1,2024-06-18T01:56:01.000Z,https://universalis.app/market/3602
4583,Paralyzing Potion,Neko Des,450,3,2024-06-10T00:25:56.000Z,https://universalis.app/market/4583
4859,Cider Vinegar,Bettenhausen Leonhart,1000,3,2024-06-13T02:25:11.000Z,https://universalis.app/market/4859
5057,Iron Ingot,Jasper James,1000,1,2024-06-09T22:36:33.000Z,https://universalis.app/market/5057
5061,Darksteel Nugget,Gunnar Armstrong,6000,1,2024-06-16T18:55:01.000Z,https://universalis.app/market/5061
5063,Brass Ingot,Puppy Princess,1999,86,2024-07-04T06:29:55.000Z,https://universalis.app/market/5063
5064,Silver Ingot,Scarlett Kami,5000,1,2024-06-10T02:12:47.000Z,https://universalis.app/market/5064
5071,Bronze Plate,Kellas Robin,1000,4,2024-07-05T16:07:30.000Z,https://universalis.app/market/5071
5072,Iron Plate,Dark Sunshine,2000,1,2024-06-13T00:02:01.000Z,https://universalis.app/market/5072
5082,Iron Rings,Silent Melodies,1750,1,2024-06-21T12:05:50.000Z,https://universalis.app/market/5082
5091,Bronze Rivets,Asami Kohaku,4111,4,2024-06-30T20:42:01.000Z,https://universalis.app/market/5091
5092,Iron Rivets,Whats Rng,1950,1,2024-07-04T05:00:55.000Z,https://universalis.app/market/5092
5196,Jadeite,Mary Iyaa,5000,2,2024-06-17T22:47:15.000Z,https://universalis.app/market/5196
5206,Pinprick Pebble,Kyouki Mugen,37,1,2024-06-13T04:13:04.000Z,https://universalis.app/market/5206
5228,Ragstone,Sano Radiant,4111,8,2024-06-23T01:59:03.000Z,https://universalis.app/market/5228
5259,Mudstone Whetstone,Shady Smalls,1302,2,2024-07-05T02:56:13.000Z,https://universalis.app/market/5259
5260,Siltstone Whetstone,Odjin Yorae,2000,1,2024-06-23T00:54:38.000Z,https://universalis.app/market/5260
5262,Basilisk Whetstone,Esthra Lasra,5000,1,2024-06-10T21:00:48.000Z,https://universalis.app/market/5262
5275,Leather,Oria Solidea,402,6,2024-06-10T07:46:04.000Z,https://universalis.app/market/5275
5276,Hard Leather,Asami Kohaku,1000,21,2024-06-30T20:35:44.000Z,https://universalis.app/market/5276
5277,Aldgoat Leather,Ui Ui,5000,1,2024-06-12T06:39:05.000Z,https://universalis.app/market/5277
5282,Boar Leather,Jovvi Gahjewesfv,20000,4,2024-07-04T11:02:28.000Z,https://universalis.app/market/5282
5285,Raptor Leather,Dred Darkness,3999,1,2024-07-05T05:40:18.000Z,https://universalis.app/market/5285
5286,Dodore Leather,Shanris Delaar,3000,1,2024-06-09T05:01:42.000Z,https://universalis.app/market/5286
5287,Uraeus Leather,Avory Bernkastel,7000,1,2024-06-16T22:17:31.000Z,https://universalis.app/market/5287
5320,Diremite Sinew,Orianne Absolute,750,4,2024-06-21T17:08:00.000Z,https://universalis.app/market/5320
5325,Undyed Cotton Cloth,Salted Pork,5000,2,2024-07-04T03:04:09.000Z,https://universalis.app/market/5325
5326,Undyed Velveteen,Lanaya Salkhi,10001,12,2024-06-15T06:04:49.000Z,https://universalis.app/market/5326
5327,Undyed Linen,Kei Dja-rhoji,2800,30,2024-06-14T22:23:41.000Z,https://universalis.app/market/5327
5328,Undyed Woolen Cloth,Voronwe Nairel,5000,2,2024-06-11T14:40:36.000Z,https://universalis.app/market/5328
5334,Cotton Yarn,Asami Kohaku,1002,26,2024-06-24T04:36:53.000Z,https://universalis.app/market/5334
5335,Dew Thread,Timitoah Xylixus,2499,1,2024-06-15T08:40:53.000Z,https://universalis.app/market/5335
5336,Linen Yarn,Alloye Oronir,5000,2,2024-07-05T01:05:36.000Z,https://universalis.app/market/5336
5367,Elm Lumber,Myrikh Altan,1000,1,2024-06-16T01:26:10.000Z,https://universalis.app/market/5367
5374,Mahogany Lumber,Caylin Whisperwood,3999,20,2024-07-04T23:31:37.000Z,https://universalis.app/market/5374
5376,Rosewood Lumber,Ra Zetzy,5000,1,2024-06-12T15:06:22.000Z,https://universalis.app/market/5376
5390,Oak Log,Tuya Kha,3001,8,2024-07-05T02:28:58.000Z,https://universalis.app/market/5390
5437,Mossy Horn,Makoto Aino,569,2,2024-06-20T18:26:59.000Z,https://universalis.app/market/5437
5472,Growth Formula Gamma,Chaey Im,2000,1,2024-06-12T15:26:01.000Z,https://universalis.app/market/5472
5505,Horn Glue,Helba Ahieress,25000,1,2024-06-26T00:31:38.000Z,https://universalis.app/market/5505
5510,Rubber,Bethov Thy,3000,1,2024-06-09T05:20:06.000Z,https://universalis.app/market/5510
5517,Lanolin,Bunni Bells,447,1,2024-06-11T17:47:17.000Z,https://universalis.app/market/5517
2546,Bronze Hatchet,Kiera Darkborn,25000,1,2024-06-18T01:14:44.000Z,https://universalis.app/market/2546
2,Fire Shard,Vasha Akusker,5501,139,2024-06-22T19:49:13.000Z,https://universalis.app/market/2
3,Ice Shard,Sega Olis,175,55,2024-06-09T14:53:00.000Z,https://universalis.app/market/3
4,Wind Shard,Vasha Akusker,700,1000,2024-06-22T19:49:37.000Z,https://universalis.app/market/4
5,Earth Shard,Vasha Akusker,300,500,2024-06-22T19:50:21.000Z,https://universalis.app/market/5
6,Lightning Shard,Enci Strife,900,300,2024-06-23T05:41:26.000Z,https://universalis.app/market/6
7,Water Shard,Enci Strife,500,900,2024-06-23T05:41:38.000Z,https://universalis.app/market/7
14,Fire Cluster,Vasha Akusker,2001,100,2024-06-22T19:45:13.000Z,https://universalis.app/market/14
15,Ice Cluster,Tiamat Dragonhart,1001,5,2024-06-20T23:36:39.000Z,https://universalis.app/market/15
16,Wind Cluster,Yoshii Piere,1001,5,2024-06-22T07:01:45.000Z,https://universalis.app/market/16
17,Earth Cluster,K'onhoa Jadental,1001,4,2024-06-14T15:37:49.000Z,https://universalis.app/market/17
18,Lightning Cluster,Tiamat Dragonhart,1001,3,2024-06-10T04:35:14.000Z,https://universalis.app/market/18
19,Water Cluster,Valmar Thundercord,349,101,2024-06-12T10:50:58.000Z,https://universalis.app/market/19
1602,Bronze Bastard Sword,Courtesan Roulette,201009000,1,2024-06-23T04:55:02.000Z,https://universalis.app/market/1602
1603,Viking Sword,Khoai Tay,10004,1,2024-06-21T13:46:07.000Z,https://universalis.app/market/1603
1607,Brass Bastard Sword,Ciel Valentine,6000,1,2024-06-12T07:12:20.000Z,https://universalis.app/market/1607
1636,Blunt Aeolian Scimitar,Shy Verin,825,1,2024-06-17T23:51:11.000Z,https://universalis.app/market/1636
1684,Bronze Knuckles,Morgan Arcadia,20009,1,2024-06-17T21:39:13.000Z,https://universalis.app/market/1684
1750,Bronze War Axe,Tamoie Kanshi,400000,1,2024-06-14T14:22:43.000Z,https://universalis.app/market/1750
1754,Iron War Axe,Dark Sunshine,5000,1,2024-06-12T03:50:24.000Z,https://universalis.app/market/1754
1758,Inferno Axe,Lylac Winter,5000,1,2024-06-19T22:18:34.000Z,https://universalis.app/market/1758
1891,Maple Shortbow,Muscle Milkers,3995,1,2024-06-12T03:39:02.000Z,https://universalis.app/market/1891
1892,Maple Longbow,Kofuku Binbougami,3000,1,2024-06-19T03:09:37.000Z,https://universalis.app/market/1892
1894,Wrapped Maple Longbow,Atlanna Love,800,1,2024-06-13T18:02:01.000Z,https://universalis.app/market/1894
1895,Ash Shortbow,Ichigo Higanbana,10600,1,2024-06-12T23:57:57.000Z,https://universalis.app/market/1895
1920,Mythril Cavalry Bow,Mystery Nuggs,27999,1,2024-06-13T00:36:21.000Z,https://universalis.app/market/1920
1925,Oak Composite Bow,Umeyasha Mellissan,60000,1,2024-07-02T20:11:51.000Z,https://universalis.app/market/1925
1958,Maple Wand,Kiera Darkborn,20000,1,2024-06-18T01:14:53.000Z,https://universalis.app/market/1958
1961,Ash Wand,Leah Tribal,5009,1,2024-06-21T20:28:24.000Z,https://universalis.app/market/1961
1967,Yew Wand,Liz Zombie,20000,1,2024-06-16T04:59:58.000Z,https://universalis.app/market/1967
2011,Yew Crook,Asano Rahl-majere,3499,1,2024-06-23T22:06:40.000Z,https://universalis.app/market/2011
2057,Copper Scepter,Felix Abberderis,5005,1,2024-06-14T01:49:52.000Z,https://universalis.app/market/2057
2069,Silver Scepter,Chorick Hinata,3028,1,2024-07-05T11:05:14.000Z,https://universalis.app/market/2069
2106,Bone Staff,Kalcaion Kasenumi,4275,1,2024-06-23T23:40:52.000Z,https://universalis.app/market/2106
2107,Ramhorn Staff,Dagger Stormfall,700,1,2024-06-17T15:46:45.000Z,https://universalis.app/market/2107
2111,Staghorn Staff,Kiwi Starlight,30000,1,2024-06-11T21:52:54.000Z,https://universalis.app/market/2111
2143,Leather Grimoire,Elia Mi,20000,1,2024-06-16T20:26:26.000Z,https://universalis.app/market/2143
2147,Hard Leather Grimoire,Fenrir Harrel,50000,1,2024-06-24T22:45:17.000Z,https://universalis.app/market/2147
2156,Goatskin Grimoire,Ameline Vendhen,20000,1,2024-06-16T13:53:30.000Z,https://universalis.app/market/2156
2166,Book of Silver,Siskiyoh Sama,33989,1,2024-06-20T05:45:07.000Z,https://universalis.app/market/2166
2185,Book of Electrum,Col Palmeri,7000,1,2024-06-15T03:09:39.000Z,https://universalis.app/market/2185
2231,Bronze Buckler,Averya Artelle,15000,1,2024-06-11T08:56:19.000Z,https://universalis.app/market/2231
2242,Iron Scutum,Zenobia Septimia,1006,1,2024-06-18T02:52:06.000Z,https://universalis.app/market/2242
2316,Amateur's Saw,Nom Hataru,6000,1,2024-06-14T13:29:13.000Z,https://universalis.app/market/2316
2334,Steel Claw Hammer,Scarlett Aemilia,49989,1,2024-06-21T05:55:13.000Z,https://universalis.app/market/2334
2346,Crowsbeak Hammer,Lylac Winter,24999,1,2024-06-24T12:06:54.000Z,https://universalis.app/market/2346
2349,Steel Crowsbeak Hammer,Anna Mew,12500,1,2024-06-22T03:27:07.000Z,https://universalis.app/market/2349
2351,Cobalt Cross-pein Hammer,Aya Nailo,66666,1,2024-06-10T13:09:16.000Z,https://universalis.app/market/2351
2372,Iron Raising Hammer,Zenobia Septimia,10000,1,2024-06-18T02:51:41.000Z,https://universalis.app/market/2372
2393,Amateur's Chaser Hammer,Just Dizzt,4995,1,2024-06-22T04:31:11.000Z,https://universalis.app/market/2393
2396,Initiate's Chaser Hammer,Bullying Rocks,4000,1,2024-06-09T20:24:32.000Z,https://universalis.app/market/2396
2417,Bronze Head Knife,Iiconic Streams,15000,1,2024-06-22T04:02:52.000Z,https://universalis.app/market/2417
2422,Iron Head Knife,Gatsu Gremory,2999,1,2024-06-19T02:53:04.000Z,https://universalis.app/market/2422
2436,Steel Awl,Royal Blood,19999,1,2024-06-19T00:38:42.000Z,https://universalis.app/market/2436
2469,Amateur's Alembic,Ryker Biscuitway,1000,1,2024-06-12T03:26:53.000Z,https://universalis.app/market/2469
2472,Iron Alembic,O'fae Ursine,8000,1,2024-06-17T06:29:13.000Z,https://universalis.app/market/2472
2476,Mythril Alembic,Towering Sapphire,33500,1,2024-06-17T20:27:20.000Z,https://universalis.app/market/2476
2487,Steel Mortar,Ginger Uwu,15000,1,2024-06-17T01:59:51.000Z,https://universalis.app/market/2487
2520,Bronze Pickaxe,Alise Ku-yunaris,2495,1,2024-06-23T20:06:05.000Z,https://universalis.app/market/2520
2539,Steel Sledgehammer,Sephiroths Bussy,20000,1,2024-06-20T20:29:49.000Z,https://universalis.app/market/2539
2549,Initiate's Hatchet,Catboy Bottoms,14991,1,2024-06-21T22:56:21.000Z,https://universalis.app/market/2549
2565,Steel Scythe,Sparkles Stormchaser,25000,1,2024-07-06T16:45:35.000Z,https://universalis.app/market/2565
2578,Walnut Fishing Rod,Victor Balteez,60057,1,2024-06-11T00:56:01.000Z,https://universalis.app/market/2578
2581,Rosewood Fishing Rod,Katrinia Lockheart,17200,1,2024-07-02T15:38:57.000Z,https://universalis.app/market/2581
2664,Bronze Barbut,Umeyasha Mellissan,10000,1,2024-06-13T20:04:33.000Z,https://universalis.app/market/2664
2708,Iron Sallet,Francis J'radn'ads,9000,1,2024-06-17T03:59:21.000Z,https://universalis.app/market/2708
2728,Silver Spectacles,Xauna Gamduhla,99995,1,2024-06-23T16:44:16.000Z,https://universalis.app/market/2728
2774,Mythril Spectacles,Lavinia Reni,403800000,1,2024-06-22T14:56:20.000Z,https://universalis.app/market/2774
2802,Mythril Elmo,Amaryllis Sofrya,13048,1,2024-06-15T20:25:12.000Z,https://universalis.app/market/2802
2931,Legionary Visor,Pearl Sil'feria,30340000,1,2024-06-21T02:28:21.000Z,https://universalis.app/market/2931
3540,Bronze Mitt Gauntlets,Morgan Arcadia,5000,1,2024-06-17T21:39:23.000Z,https://universalis.app/market/3540
3616,Boarskin Ringbands,Helba Ahieress,65000,1,2024-06-25T07:55:26.000Z,https://universalis.app/market/3616
3740,Leather Duckbills,Rhalia Steele,40000,1,2024-06-20T19:23:42.000Z,https://universalis.app/market/3740
4587,Potent Sleeping Potion,Aqua Mouse,5000,3,2024-06-16T18:47:01.000Z,https://universalis.app/market/4587
4603,Hi-Potion of Mind,Thelanicus Revarion,500,30,2024-06-23T00:54:13.000Z,https://universalis.app/market/4603
4608,Mega-Potion of Mind,Voronwe Nairel,30000,1,2024-06-19T01:42:33.000Z,https://universalis.app/market/4608
4753,Buffalo Milk,Blu Roland,499,9,2024-06-20T03:31:10.000Z,https://universalis.app/market/4753
4756,Cream Cheese,Godbert Nyanderville,590,27,2024-06-17T19:58:59.000Z,https://universalis.app/market/4756
4785,Paprika,Ellie Dracht,250,9,2024-07-01T20:04:59.000Z,https://universalis.app/market/4785
4787,Popoto,Ezra Umbrasol,1000,20,2024-06-19T03:07:16.000Z,https://universalis.app/market/4787
4806,Gridanian Walnut,Dorian Emers,500,2,2024-06-11T19:25:24.000Z,https://universalis.app/market/4806
4825,Rye Flour,Nonona Nona,200,99,2024-06-09T05:28:37.000Z,https://universalis.app/market/4825
4826,Sunset Wheat Flour,Isabella Arianesse,2121,25,2024-06-14T22:49:03.000Z,https://universalis.app/market/4826
4828,Cinnamon,Omega Everfrost,1000,6,2024-07-03T03:22:09.000Z,https://universalis.app/market/4828
4829,Garlean Garlic,Sparkle Bomb,1000,1,2024-06-10T17:33:36.000Z,https://universalis.app/market/4829
4830,Black Pepper,Keiko Kurogane,200,7,2024-06-11T09:56:06.000Z,https://universalis.app/market/4830
4834,Galago Mint,Holo Tales,999,10,2024-07-03T13:06:58.000Z,https://universalis.app/market/4834
4838,Dragon Pepper,Furieux Eperdu,2500,1,2024-07-05T03:16:23.000Z,https://universalis.app/market/4838
4842,Almonds,Casimir Tushenko,1001,4,2024-06-22T18:02:13.000Z,https://universalis.app/market/4842
4843,Desert Saffron,Bethov Thy,10500,1,2024-06-26T01:19:39.000Z,https://universalis.app/market/4843
4844,Nutmeg,Spiral Lance,400,15,2024-06-10T06:55:14.000Z,https://universalis.app/market/4844
4845,Sagolii Sage,Jelly Salad,300,99,2024-06-16T04:09:25.000Z,https://universalis.app/market/4845
4850,Honey,Jelly Salad,100,99,2024-06-16T08:25:01.000Z,https://universalis.app/market/4850
4852,Sweet Cream,Scarlet Everfire,666,2,2024-06-25T21:29:01.000Z,https://universalis.app/market/4852
4856,Clove Oil,Lune Jaab,4500,1,2024-06-09T21:33:17.000Z,https://universalis.app/market/4856
4857,Olive Oil,Yomi Jompker,20000,1,2024-07-04T22:44:32.000Z,https://universalis.app/market/4857
4862,Sour Red,Kellas Robin,12775,1,2024-06-21T08:00:14.000Z,https://universalis.app/market/4862
4863,Gelatin,Toko Alouette,2000,21,2024-06-10T04:49:33.000Z,https://universalis.app/market/4863
4880,Helmet Crab,Antares Telamon,4000,1,2024-06-14T15:16:03.000Z,https://universalis.app/market/4880
4895,Indigo Herring,Galateia Starstrider,2001,2,2024-06-09T19:06:15.000Z,https://universalis.app/market/4895
4900,Whitelip Oyster,Keiko Satomi,2500,5,2024-06-16T03:52:00.000Z,https://universalis.app/market/4900
4925,Crayfish,Syeirra Forelight,399,72,2024-07-06T18:43:13.000Z,https://universalis.app/market/4925
4931,Dusk Goby,Dragon Leader,100,3,2024-06-19T14:34:25.000Z,https://universalis.app/market/4931
4959,Dark Bass,Hershey Violet,1449,1,2024-06-13T09:10:31.000Z,https://universalis.app/market/4959
5056,Bronze Ingot,Bera Faulkner,344,18,2024-06-13T02:37:36.000Z,https://universalis.app/market/5056
5058,Steel Ingot,Voronwe Nairel,2250,1,2024-06-11T14:12:55.000Z,https://universalis.app/market/5058
5059,Cobalt Ingot,Maellun Sunmane,23000,1,2024-06-24T22:31:24.000Z,https://universalis.app/market/5059
5060,Darksteel Ingot,Amber Satinlace,9990,26,2024-06-11T16:27:29.000Z,https://universalis.app/market/5060
5062,Copper Ingot,Amalit Owo,500,1,2024-06-16T07:46:40.000Z,https://universalis.app/market/5062
5065,Mythril Ingot,Yozora Yume,5000,91,2024-06-24T23:27:30.000Z,https://universalis.app/market/5065
5066,Electrum Ingot,Azele Eunos,16000,1,2024-06-13T19:34:05.000Z,https://universalis.app/market/5066
5067,Rose Gold Ingot,Severus Voldemort,1756,2,2024-06-13T00:10:46.000Z,https://universalis.app/market/5067
5068,Rose Gold Nugget,Oblevee Kaisuri,5003,1,2024-06-25T03:33:03.000Z,https://universalis.app/market/5068
5073,Steel Plate,Moogs Poogs,3000,2,2024-06-21T20:14:16.000Z,https://universalis.app/market/5073
5074,Cobalt Plate,Tio Tot,2999,10,2024-06-11T22:17:17.000Z,https://universalis.app/market/5074
5075,Darksteel Plate,Mholi Purpura,5000,99,2024-06-15T19:52:53.000Z,https://universalis.app/market/5075
5079,Mythril Plate,Verona Void,8000,3,2024-06-25T15:11:46.000Z,https://universalis.app/market/5079
5081,Bronze Rings,Azazel Blaze,300,1,2024-06-25T20:00:46.000Z,https://universalis.app/market/5081
5083,Steel Rings,Elayni Mayvicid,2001,1,2024-07-01T23:04:00.000Z,https://universalis.app/market/5083
5084,Cobalt Rings,Sevyn Varlineau,1000,3,2024-06-11T19:09:02.000Z,https://universalis.app/market/5084
5085,Darksteel Rings,Rajko Akyrios,200,5,2024-06-09T05:33:50.000Z,https://universalis.app/market/5085
5086,Copper Rings,Niayla Namaiki,500,4,2024-06-25T13:16:32.000Z,https://universalis.app/market/5086
5087,Brass Rings,Abeline Cocoa,299,1,2024-06-19T08:14:12.000Z,https://universalis.app/market/5087
5088,Silver Rings,Rose Gwynevere,5,8,2024-06-23T15:02:46.000Z,https://universalis.app/market/5088
5089,Mythril Rings,Kaiden Khan,2500,1,2024-06-17T05:29:18.000Z,https://universalis.app/market/5089
5090,Electrum Rings,Azure Winterfrost,113,2,2024-06-24T23:36:51.000Z,https://universalis.app/market/5090
5093,Steel Rivets,Terrace De'tusk,5000,5,2024-06-13T03:43:16.000Z,https://universalis.app/market/5093
5094,Cobalt Rivets,Joe G',3000,20,2024-06-25T17:09:54.000Z,https://universalis.app/market/5094
5095,Darksteel Rivets,Auhs Bauhs,5000,12,2024-06-09T03:47:52.000Z,https://universalis.app/market/5095
5099,Mythril Rivets,Death Metal,2999,1,2024-07-05T05:03:39.000Z,https://universalis.app/market/5099
5104,Garlean Steel Joint,Re'nhallo Tia,6000,1,2024-06-18T01:39:37.000Z,https://universalis.app/market/5104
5105,Garlean Steel Plate,Scarlet Everfire,1000,1,2024-06-10T00:55:34.000Z,https://universalis.app/market/5105
5124,Obsidian,Shabamzle Alter,1000,5,2024-07-01T22:34:39.000Z,https://universalis.app/market/5124
5125,Wyvern Obsidian,Zmega Galvus,100,8,2024-06-12T19:55:41.000Z,https://universalis.app/market/5125
5126,Dragon Obsidian,Nikka Megami,140,5,2024-06-09T18:09:04.000Z,https://universalis.app/market/5126
5127,Wyrm Obsidian,Oblevee Kaisuri,120,2,2024-06-12T01:34:41.000Z,https://universalis.app/market/5127
5134,Raw Garnet,Dorian Emers,1000,7,2024-06-21T14:07:25.000Z,https://universalis.app/market/5134
5158,Astral Rock,Conny Zelria,2200,2,2024-06-18T16:41:07.000Z,https://universalis.app/market/5158
5168,Jade,Ruby Shoes,50000000,1,2024-06-30T18:51:11.000Z,https://universalis.app/market/5168
5169,Sunstone,Scarlet Everfire,70,15,2024-06-09T17:14:00.000Z,https://universalis.app/market/5169
5170,Danburite,Shinobu Aragaki,602,2,2024-07-02T04:49:38.000Z,https://universalis.app/market/5170
5171,Malachite,Ulysses Rose,1000,1,2024-06-12T02:18:51.000Z,https://universalis.app/market/5171
5172,Sphene,Lemyon Aran,1000,1,2024-06-22T17:33:44.000Z,https://universalis.app/market/5172
5173,Fluorite,Vero Lanuroz,50,2,2024-06-30T13:09:04.000Z,https://universalis.app/market/5173
5174,Lapis Lazuli,Acjaa Fhey,500,5,2024-06-24T19:45:26.000Z,https://universalis.app/market/5174
5175,Garnet,Skoenliht Joarvan,500,1,2024-06-28T12:26:59.000Z,https://universalis.app/market/5175
5176,Goshenite,Bethov Thy,1000,1,2024-06-16T02:51:14.000Z,https://universalis.app/market/5176
5177,Peridot,Khoai Tay,445,2,2024-06-22T16:34:56.000Z,https://universalis.app/market/5177
5178,Heliodor,Jack Beistand,500,2,2024-06-16T21:01:21.000Z,https://universalis.app/market/5178
5179,Amethyst,Khoai Tay,150,1,2024-06-22T22:20:14.000Z,https://universalis.app/market/5179
5180,Aquamarine,Jilo Kica,600,2,2024-06-09T22:53:32.000Z,https://universalis.app/market/5180
5181,Rubellite,Mary Iyaa,749,1,2024-06-15T23:01:24.000Z,https://universalis.app/market/5181
5182,Zircon,Hyacinth Nightingale,1000,10,2024-07-05T00:35:16.000Z,https://universalis.app/market/5182
5183,Tourmaline,Oblevee Kaisuri,110,1,2024-06-12T01:35:09.000Z,https://universalis.app/market/5183
5184,Amber,Amalit Owo,990,1,2024-06-16T07:55:37.000Z,https://universalis.app/market/5184
5185,Spinel,Kaine' Nier,2000,5,2024-06-16T08:16:23.000Z,https://universalis.app/market/5185
5186,Turquoise,Fingolfin Nolofinwe,218,1,2024-07-04T13:43:02.000Z,https://universalis.app/market/5186
5193,Pearl,Ace Wildfire,899,2,2024-06-15T07:54:25.000Z,https://universalis.app/market/5193
5194,Black Pearl,Brother Brendo,3799,1,2024-07-03T11:37:34.000Z,https://universalis.app/market/5194
5197,Marbled Eye,Toshi'ro Shiki,500,99,2024-06-11T18:06:58.000Z,https://universalis.app/market/5197
5198,Eye of Fire,Ddytautme Howtontrpth,58000,1,2024-07-05T00:53:58.000Z,https://universalis.app/market/5198
5199,Eye of Ice,Ginger Uwu,240,1,2024-06-23T16:26:38.000Z,https://universalis.app/market/5199
5200,Eye of Wind,Neko Des,100,3,2024-06-15T01:04:04.000Z,https://universalis.app/market/5200
5201,Eye of Earth,Emoni Clay,1000,2,2024-06-12T03:43:36.000Z,https://universalis.app/market/5201
5202,Eye of Lightning,Isobel Gowdie,50,1,2024-06-24T22:04:05.000Z,https://universalis.app/market/5202
5203,Eye of Water,Bethov Thy,100,1,2024-06-23T14:35:12.000Z,https://universalis.app/market/5203
5204,Astral Eye,Yuki Rena,465,1,2024-06-12T19:59:10.000Z,https://universalis.app/market/5204
5229,Mudstone,Valaddor Petyasch,9000000,1,2024-06-23T06:34:07.000Z,https://universalis.app/market/5229
5231,Siltstone,Thelanicus Revarion,5000,99,2024-06-23T00:57:32.000Z,https://universalis.app/market/5231
5232,Stiperstone,Johannes Liechtenaure,499,5,2024-06-11T12:39:45.000Z,https://universalis.app/market/5232
5258,Ragstone Whetstone,Asami Kohaku,1000,8,2024-06-30T20:11:56.000Z,https://universalis.app/market/5258
5261,Aqueous Whetstone,Rei Ame,1001,8,2024-06-24T16:56:50.000Z,https://universalis.app/market/5261
5263,Basilisk Egg,Spugnor Moonbeam,904,6,2024-06-10T23:50:21.000Z,https://universalis.app/market/5263
5280,Toad Leather,Aelyrasa Leafrost,5000,1,2024-07-04T09:15:03.000Z,https://universalis.app/market/5280
5284,Peiste Leather,Galateia Starstrider,2000,1,2024-06-13T04:35:59.000Z,https://universalis.app/market/5284
5288,Hippogryph Leather,Xlorp Zlorp,5000,1,2024-06-19T21:26:00.000Z,https://universalis.app/market/5288
5289,Hard Hippogryph Leather,Boary Houlder,20000,13,2024-06-09T14:32:11.000Z,https://universalis.app/market/5289
5290,Coeurl Fur,Mocha Roundbottom,490,11,2024-06-24T14:02:00.000Z,https://universalis.app/market/5290
5318,Animal Sinew,Soren Valkyr,1000,5,2024-06-11T00:49:24.000Z,https://universalis.app/market/5318
5319,Beast Sinew,Set Areh,3000,5,2024-07-05T15:31:28.000Z,https://universalis.app/market/5319
5321,Hippogryph Sinew,Greef Groff,10000,1,2024-07-05T02:59:34.000Z,https://universalis.app/market/5321
5322,Raptor Sinew,Dred Darkness,1900,1,2024-07-05T05:41:03.000Z,https://universalis.app/market/5322
5324,Undyed Hempen Cloth,Zmega Galvus,999,3,2024-06-11T21:13:41.000Z,https://universalis.app/market/5324
5329,Undyed Felt,Avory Bernkastel,7500,1,2024-06-12T12:55:32.000Z,https://universalis.app/market/5329
5330,Vanya Silk,Spaghetti Bucket,6000,1,2024-06-10T22:42:34.000Z,https://universalis.app/market/5330
5333,Hempen Yarn,Kanin Mahyz,500,4,2024-06-14T21:04:46.000Z,https://universalis.app/market/5333
5337,Woolen Yarn,Xalnaris Strifee,2999,1,2024-06-11T14:06:34.000Z,https://universalis.app/market/5337
5338,Silk Thread,Nocta Luna,5000,1,2024-06-25T22:09:17.000Z,https://universalis.app/market/5338
5340,Garlean Fiber,Mianne Solainteau,2000,1,2024-06-30T03:20:11.000Z,https://universalis.app/market/5340
5341,Moko Grass,Jace Vermillion,89,2,2024-06-12T21:17:29.000Z,https://universalis.app/market/5341
5342,Straw,Kanin Mahyz,1000,1,2024-06-15T01:15:47.000Z,https://universalis.app/market/5342
5343,Cotton Boll,Nom Hataru,800,99,2024-07-05T12:42:54.000Z,https://universalis.app/market/5343
5346,Flax,Fay Ferra,500,99,2024-06-16T21:30:27.000Z,https://universalis.app/market/5346
5348,Apkallu Down,Wren Filtiarn,1000,5,2024-06-25T00:46:25.000Z,https://universalis.app/market/5348
5349,Snurble Tufts,Scoobus Big-ears,1000,5,2024-06-24T18:44:40.000Z,https://universalis.app/market/5349
5351,Cock Feather,Bethov Thy,100,3,2024-06-18T03:27:16.000Z,https://universalis.app/market/5351
5352,Crow Feather,Zi Iy,1001,15,2024-06-20T06:53:03.000Z,https://universalis.app/market/5352
5355,Dodo Feather,L'eah Raythe,95,1,2024-06-09T17:12:31.000Z,https://universalis.app/market/5355
5357,Swan Feather,Marza Ming,251,1,2024-06-23T17:22:04.000Z,https://universalis.app/market/5357
5358,Eagle Feather,Shen Dragon,45,5,2024-06-24T22:11:23.000Z,https://universalis.app/market/5358
5359,Chocobo Feather,Helix Mind,1749,20,2024-06-20T23:23:54.000Z,https://universalis.app/market/5359
5360,Wildfowl Feather,Anwyn Fjellhammer,1000,2,2024-06-16T18:08:18.000Z,https://universalis.app/market/5360
5361,Maple Lumber,Hamonoa Tammono,5000000,1,2024-06-16T15:02:14.000Z,https://universalis.app/market/5361
5364,Ash Lumber,Helba Ahieress,1000,1,2024-06-25T23:56:57.000Z,https://universalis.app/market/5364
5366,Cedar Lumber,Asami Kohaku,5000,10,2024-06-16T20:46:08.000Z,https://universalis.app/market/5366
5368,Yew Lumber,Kanna Tenbe,1900,17,2024-07-05T15:27:52.000Z,https://universalis.app/market/5368
5371,Walnut Lumber,Zi Iy,100000,7,2024-06-25T11:38:03.000Z,https://universalis.app/market/5371
5372,Pine Lumber,Thalia Aphelion,4000,7,2024-06-24T01:06:08.000Z,https://universalis.app/market/5372
5373,Oak Lumber,Narton Grillairmais,15000,1,2024-07-04T02:32:25.000Z,https://universalis.app/market/5373
5378,Spruce Lumber,Mholi Purpura,7133,4,2024-06-16T21:21:45.000Z,https://universalis.app/market/5378
5379,Treated Spruce Lumber,Reishen Minyuki,30000,2,2024-06-20T05:48:05.000Z,https://universalis.app/market/5379
5380,Maple Log,Dukino Lunam,1000,15,2024-06-09T21:07:52.000Z,https://universalis.app/market/5380
5383,Ash Log,Fah Ninja,261,99,2024-07-03T01:32:22.000Z,https://universalis.app/market/5383
5385,Elm Log,Jand Pinkerton,3000,3,2024-06-18T06:09:40.000Z,https://universalis.app/market/5385
5386,Yew Log,Dart Ikari,3000,9,2024-06-25T07:55:55.000Z,https://universalis.app/market/5386
5388,Walnut Log,Saffron Sidereal,511,21,2024-06-17T00:05:28.000Z,https://universalis.app/market/5388
5393,Rosewood Log,Sam Greenleaf,400,4,2024-07-05T04:42:22.000Z,https://universalis.app/market/5393
5396,Maple Branch,Arumath Purpledoom,750,1,2024-06-25T23:03:49.000Z,https://universalis.app/market/5396
5402,Ash Branch,A'hrsie Tia,1000,1,2024-06-12T00:37:29.000Z,https://universalis.app/market/5402
5403,Cedar Branch,Nasar Vyron,800,2,2024-06-26T05:48:23.000Z,https://universalis.app/market/5403
5405,Yew Branch,Hotcross Bao,1000,1,2024-06-09T22:25:27.000Z,https://universalis.app/market/5405
5409,Oak Branch,G'zulh Nunh,1000,4,2024-06-29T03:36:59.000Z,https://universalis.app/market/5409
5414,Rosewood Branch,Myrikh Altan,501,8,2024-06-17T00:15:38.000Z,https://universalis.app/market/5414
5432,Bone Chip,Raven Bane,1000,99,2024-06-16T18:44:01.000Z,https://universalis.app/market/5432
5433,Soiled Femur,Sir Gardy,100,99,2024-06-13T21:04:51.000Z,https://universalis.app/market/5433
5434,Ram Horn,Afrit Telamon,137,46,2024-06-12T17:50:49.000Z,https://universalis.app/market/5434
5435,Antelope Horn,Atlas Strongarm,2500,1,2024-06-18T03:15:53.000Z,https://universalis.app/market/5435
5436,Aldgoat Horn,Jibril Narukami,2000,3,2024-06-16T18:24:30.000Z,https://universalis.app/market/5436
5439,Ogre Horn,Onryo Gozen,101,1,2024-06-19T20:31:28.000Z,https://universalis.app/market/5439
5442,Bat Fang,Lotuz Isabella,889,1,2024-06-20T03:51:18.000Z,https://universalis.app/market/5442
5444,Wolf Fang,Shun Kodakumi,9999,11,2024-06-26T05:24:58.000Z,https://universalis.app/market/5444
5447,Sandworm Fang,Thelanicus Revarion,500,99,2024-06-23T01:38:21.000Z,https://universalis.app/market/5447
5454,Yellow Yarzon Leg,Ms Eldari,999,3,2024-07-02T03:41:32.000Z,https://universalis.app/market/5454
5456,Green Megalocrab Shell,Ms Eldari,3000,1,2024-06-24T02:50:30.000Z,https://universalis.app/market/5456
5458,Adamantoise Shell,Botcho Fulmhu,125,20,2024-06-24T10:12:04.000Z,https://universalis.app/market/5458
5460,White Coral,Cinna Bunbun,4500,3,2024-07-06T16:27:11.000Z,https://universalis.app/market/5460
5461,Blue Coral,Z'oethiah Tahaan,1000,1,2024-06-14T21:57:59.000Z,https://universalis.app/market/5461
5462,Red Coral,Luja Santos,6000,2,2024-06-22T23:53:31.000Z,https://universalis.app/market/5462
5465,Sunrise Tellin,Ophelia Navi,1000,6,2024-07-03T05:17:12.000Z,https://universalis.app/market/5465
5466,Blacklip Oyster,Mogsy Rose,7000,4,2024-06-12T05:53:22.000Z,https://universalis.app/market/5466
5468,Cactuar Needle,Eliyas Krone,5000,1,2024-06-17T01:39:45.000Z,https://universalis.app/market/5468
5470,Growth Formula Alpha,Mary Iyaa,2000,1,2024-06-13T00:03:53.000Z,https://universalis.app/market/5470
5471,Growth Formula Beta,Mini Jade,5000,1,2024-06-13T18:52:17.000Z,https://universalis.app/market/5471
5473,Growth Formula Delta,Merry Blossom,1250,1,2024-06-11T15:10:41.000Z,https://universalis.app/market/5473
5475,Enchanted Copper Ink,Zelean Ladair,20,3,2024-06-21T18:49:54.000Z,https://universalis.app/market/5475
5476,Enchanted Iron Ink,Zmega Galvus,1000,1,2024-06-14T22:10:46.000Z,https://universalis.app/market/5476
5477,Enchanted Silver Ink,Skarlette Shepard,200002,2,2024-06-10T12:28:22.000Z,https://universalis.app/market/5477
5478,Enchanted Mythril Ink,Kiku Daisho,980,2,2024-06-19T12:22:49.000Z,https://universalis.app/market/5478
5479,Enchanted Electrum Ink,Fractal Fennec,100,1,2024-06-14T18:59:24.000Z,https://universalis.app/market/5479
5480,Enchanted Gold Ink,Skarlette Shepard,2500,4,2024-06-10T12:32:02.000Z,https://universalis.app/market/5480
5481,Enchanted Rose Gold Ink,Neve Brightburn,1800,1,2024-06-15T17:19:52.000Z,https://universalis.app/market/5481
5482,Fish Oil,Khoai Tay,750,1,2024-06-21T06:13:26.000Z,https://universalis.app/market/5482
5483,Jellyfish Humours,Shara Stormborne,2000,8,2024-06-14T07:23:13.000Z,https://universalis.app/market/5483
5484,Crab Oil,Rue Thaelmore,5500,1,2024-06-17T22:02:54.000Z,https://universalis.app/market/5484
5485,Linseed Oil,Reia Doriath,2800,79,2024-06-17T01:52:04.000Z,https://universalis.app/market/5485
5486,Shark Oil,Sasha Yuwaku-sha,7480,9,2024-06-13T01:35:21.000Z,https://universalis.app/market/5486
5489,Quicksilver,Wiltwyda Sterrmerlwyn,1000,14,2024-06-23T18:07:31.000Z,https://universalis.app/market/5489
5492,Beastkin Blood,Kuro Yoru,200,3,2024-07-04T01:44:35.000Z,https://universalis.app/market/5492
5493,Scalekin Blood,Moonrae Mojo,1201,1,2024-06-16T10:54:17.000Z,https://universalis.app/market/5493
5494,Spoken Blood,Nae Zie,10000,1,2024-06-16T21:33:52.000Z,https://universalis.app/market/5494
5503,Animal Glue,Alesia Rayna,500,1,2024-06-25T05:39:36.000Z,https://universalis.app/market/5503
5504,Fish Glue,Karrthus Immortal,3497,2,2024-06-15T14:34:20.000Z,https://universalis.app/market/5504
5506,Void Glue,Ada Wong,15000,1,2024-07-02T03:00:04.000Z,https://universalis.app/market/5506
5507,Wing Glue,Chi Jae,14999,1,2024-07-04T19:03:15.000Z,https://universalis.app/market/5507
5508,Scale Glue,Asami Kohaku,14000,12,2024-06-18T06:38:55.000Z,https://universalis.app/market/5508
5512,Clear Glass Lens,Azrael Alexander,1200,12,2024-07-06T02:46:24.000Z,https://universalis.app/market/5512
5527,Brimstone,Lemyon Aran,999,14,2024-06-10T10:23:05.000Z,https://universalis.app/market/5527
5528,Bomb Ash,Thika Tias,5000000,1,2024-06-09T05:34:19.000Z,https://universalis.app/market/5528
5533,Garlean Rubber,Brugil Alkamerion,190,2,2024-06-25T20:04:50.000Z,https://universalis.app/market/5533
5537,Thavnairian Mistletoe,Critter Skritter,259,22,2024-06-10T23:17:41.000Z,https://universalis.app/market/5537
5540,Carnation,Nongaa Zunga,28500000,1,2024-06-30T15:44:57.000Z,https://universalis.app/market/5540
5542,Chamomile,Ayumi Tenshi,131,48,2024-06-11T10:26:43.000Z,https://universalis.app/market/5542
5545,Trillium,Nikka Megami,1401,4,2024-06-21T05:09:14.000Z,https://universalis.app/market/5545
5547,Vampire Plant,Khoai Tay,485,2,2024-06-24T05:35:31.000Z,https://universalis.app/market/5547
5555,Ochu Vine,Thelanicus Revarion,1100,7,2024-06-23T01:48:45.000Z,https://universalis.app/market/5555
5565,Bloody Lance Head,Kroome Trivale,6999,1,2024-06-13T04:20:10.000Z,https://universalis.app/market/5565
5566,Bloody Bardiche Head,Vesper Tamlyn,2690,1,2024-07-03T23:46:15.000Z,https://universalis.app/market/5566
5567,Bloody Cesti Covers,Didrianna Winterset,1516,1,2024-07-01T23:04:47.000Z,https://universalis.app/market/5567
5568,Bloody Bow Rim,Miminzo Giganzo,2116,3,2024-06-09T13:54:53.000Z,https://universalis.app/market/5568
5569,Bloody Grimoire Binding,Kyouki Mugen,2000,1,2024-06-12T15:16:23.000Z,https://universalis.app/market/5569
5570,Mailbreaker Blade,Didrianna Winterset,2024,2,2024-07-01T23:06:21.000Z,https://universalis.app/market/5570
5571,Avenger Grips,Eleanor Watabe,1000,1,2024-06-10T02:54:35.000Z,https://universalis.app/market/5571
5572,Rampager Head,Eleanor Watabe,1024,2,2024-06-10T02:54:40.000Z,https://universalis.app/market/5572
5573,Obelisk Head,Eleanor Watabe,1200,1,2024-06-10T02:54:43.000Z,https://universalis.app/market/5573
5574,Sarnga Limb,Chile Mango,2300,2,2024-06-12T15:59:45.000Z,https://universalis.app/market/5574
5575,Suspended Trillium Flower,Didrianna Winterset,1698,2,2024-07-01T23:07:56.000Z,https://universalis.app/market/5575
5576,Astrolabe Clinometer,Didrianna Winterset,1721,1,2024-07-01T23:08:31.000Z,https://universalis.app/market/5576
5577,Vanya Silk Hat Lining,Didrianna Winterset,1700,2,2024-07-01T23:09:54.000Z,https://universalis.app/market/5577
5578,Vanya Silk Robe Lining,Living Sky,521,1,2024-06-17T21:00:37.000Z,https://universalis.app/market/5578
5579,Vanya Silk Glove Lining,Didrianna Winterset,1022,1,2024-07-01T23:10:27.000Z,https://universalis.app/market/5579
5580,Vanya Silk Crakow Lining,Didrianna Winterset,1224,2,2024-07-01T23:11:03.000Z,https://universalis.app/market/5580
5581,Gryphonskin Shoulder Guards,Eleanor Watabe,1024,2,2024-06-10T02:55:29.000Z,https://universalis.app/market/5581
5582,Gryphonskin Shin Guards,Eleanor Watabe,1021,1,2024-06-10T02:55:36.000Z,https://universalis.app/market/5582
5583,Gryphonskin Elbow Pads,Vaniir Fukiku,321,1,2024-06-25T05:40:39.000Z,https://universalis.app/market/5583
5584,Gryphonskin Knee Pads,Didrianna Winterset,997,2,2024-07-01T23:13:56.000Z,https://universalis.app/market/5584
5585,Darksteel Breastplate,Mura Sanatori,2924,2,2024-06-09T21:41:46.000Z,https://universalis.app/market/5585
5586,Darksteel Gauntlet Plates,Chile Mango,3000,2,2024-06-12T15:59:50.000Z,https://universalis.app/market/5586
5587,Darksteel Couters,Mura Sanatori,2522,2,2024-06-09T21:42:13.000Z,https://universalis.app/market/5587
5588,Rose Gold Clasps,Didrianna Winterset,1600,2,2024-07-01T23:12:29.000Z,https://universalis.app/market/5588
5998,Tallow Candle,Holloway Do'urden,5000,46,2024-07-05T03:02:21.000Z,https://universalis.app/market/5998
6152,Volcanic Rock Salt,Vinny Valentine,5000,1,2024-07-05T07:06:35.000Z,https://universalis.app/market/6152
7017,Varnish,David Wolfe,9998,10,2024-06-22T02:35:12.000Z,https://universalis.app/market/7017
7028,Sylphic Silk,Laika Vas'deanu,874,4,2024-06-09T16:31:39.000Z,https://universalis.app/market/7028
7041,Blue Fox Hide,Seraphina Eryut,8000,3,2024-06-26T04:39:12.000Z,https://universalis.app/market/7041
7042,Chinchilla Hide,Omni Terasu,4000,1,2024-06-19T20:57:38.000Z,https://universalis.app/market/7042
7768,Halone Gerbera,Misty Silver,12,2,2024-06-21T03:00:43.000Z,https://universalis.app/market/7768
7769,Azeyma Rose,Melody Primrose,2222,1,2024-06-10T03:35:31.000Z,https://universalis.app/market/7769
7770,Nymeia Lily,Living Sky,290,1,2024-06-17T21:14:24.000Z,https://universalis.app/market/7770
7771,Dress Material,Mugen Kazami,85000,2,2024-07-04T19:49:22.000Z,https://universalis.app/market/7771
7772,Mariner Cotton Cloth,Leah Tribal,42994,1,2024-06-09T04:42:11.000Z,https://universalis.app/market/7772
7794,Light Steel Plate,Hjek Wolt,49998,1,2024-06-09T17:01:08.000Z,https://universalis.app/market/7794
7795,Taffeta Cloth,Living Sky,39996,1,2024-06-17T21:01:17.000Z,https://universalis.app/market/7795
8028,Polarized Glass,Rumi Levkoi,99000,2,2024-07-05T11:53:01.000Z,https://universalis.app/market/8028
9374,Bloody Knife Blades,Didrianna Winterset,1549,1,2024-07-01T23:09:17.000Z,https://universalis.app/market/9374
9461,Misericorde Blades,Vaniir Fukiku,500,2,2024-06-25T05:39:56.000Z,https://universalis.app/market/9461
12518,Mythrite Nugget,Yari Etheria,8888,1,2024-06-22T22:40:06.000Z,https://universalis.app/market/12518
12519,Mythrite Ingot,Proxy Noir,8500,1,2024-06-16T07:01:13.000Z,https://universalis.app/market/12519
12520,Hardsilver Nugget,Alexi Neamhain,80000,3,2024-06-18T17:56:21.000Z,https://universalis.app/market/12520
12521,Hardsilver Ingot,Elnora Elywen,10998,8,2024-06-18T18:56:07.000Z,https://universalis.app/market/12521
12522,Aurum Regis Nugget,Asami Kohaku,5000,2,2024-06-18T06:38:26.000Z,https://universalis.app/market/12522
12524,Titanium Nugget,Mama Gunji,9999,4,2024-06-10T05:43:24.000Z,https://universalis.app/market/12524
12525,Titanium Ingot,Seraphina Eryut,5000,8,2024-06-10T05:47:33.000Z,https://universalis.app/market/12525
12526,Adamantite Nugget,Isabella Arianesse,5000,1,2024-06-21T07:59:51.000Z,https://universalis.app/market/12526
12528,Mythrite Rivets,Pocky Amariyo,10000,7,2024-06-21T20:16:14.000Z,https://universalis.app/market/12528
12529,Titanium Rivets,Saint Mephistopheles,15000,2,2024-06-09T23:16:26.000Z,https://universalis.app/market/12529
12530,Adamantite Rivets,Joe G',3807,4,2024-06-20T01:15:05.000Z,https://universalis.app/market/12530
12541,Larimar,Sir Forklifter,10000,3,2024-06-14T21:26:54.000Z,https://universalis.app/market/12541
12542,Tiger's Eye,Arjel Von,9999,10,2024-07-02T21:03:24.000Z,https://universalis.app/market/12542
12543,Agate,Zess Arkwright,5000,1,2024-06-25T02:53:45.000Z,https://universalis.app/market/12543
12544,Star Ruby,Mjara Rose,500,7,2024-06-14T07:15:55.000Z,https://universalis.app/market/12544
12545,Star Sapphire,Thalia O'ronir,500,1,2024-06-16T02:55:49.000Z,https://universalis.app/market/12545
12546,Opal,Miki Chinen,6390,1,2024-06-13T06:10:10.000Z,https://universalis.app/market/12546
12549,Mormorion,Lucian Carnato,19990,1,2024-07-05T23:10:49.000Z,https://universalis.app/market/12549
12550,Carnelian,X'akhra Tiaque,5000,1,2024-06-09T04:47:44.000Z,https://universalis.app/market/12550
12561,Cloud Mica Whetstone,Ash Takemura,7000,2,2024-07-06T19:01:38.000Z,https://universalis.app/market/12561
12562,Archaeornis Leather,Darian Millen,10003,2,2024-06-21T12:02:32.000Z,https://universalis.app/market/12562
12563,Wyvern Leather,Salsa Mai,15000,10,2024-07-05T00:42:57.000Z,https://universalis.app/market/12563
12564,Dhalmel Leather,Lanaya Salkhi,100002,6,2024-06-12T05:41:27.000Z,https://universalis.app/market/12564
12565,Dragon Leather,Please Me,7056,9,2024-06-20T21:12:16.000Z,https://universalis.app/market/12565
12566,Amphiptere Leather,Gatsu Gremory,6000,10,2024-06-15T20:04:54.000Z,https://universalis.app/market/12566
12575,Yeti Fang,Orion Moonshadow,9999,3,2024-06-13T02:09:48.000Z,https://universalis.app/market/12575
12576,Dragon Fang,Ruffled Owlet,18,1,2024-06-29T13:21:13.000Z,https://universalis.app/market/12576
12577,Griffin Talon,Asher' Ah,100,1,2024-06-17T00:11:25.000Z,https://universalis.app/market/12577
12580,Holy Cedar Lumber,Selphie Kogane,4000,4,2024-06-17T22:20:58.000Z,https://universalis.app/market/12580
12581,Dark Chestnut Lumber,Aleiya Hroka,5001,1,2024-06-09T03:11:52.000Z,https://universalis.app/market/12581
12582,Hallowed Chestnut Lumber,Asami Kohaku,5000,5,2024-06-23T06:02:04.000Z,https://universalis.app/market/12582
12583,Birch Lumber,Meteor Lightbringer,6890,1,2024-06-21T22:17:17.000Z,https://universalis.app/market/12583
12585,Dark Chestnut Branch,Aurora Fae,500,1,2024-06-18T23:23:05.000Z,https://universalis.app/market/12585
12586,Birch Branch,Moighty Fine,100,8,2024-07-01T19:44:11.000Z,https://universalis.app/market/12586
12588,Rainbow Cloth,Khaja Mol,15000,2,2024-07-06T00:54:53.000Z,https://universalis.app/market/12588
12589,Holy Rainbow Cloth,Merlin Shikamaru,30000,1,2024-06-16T16:42:33.000Z,https://universalis.app/market/12589
12590,Ramie Cloth,Sunshine Lotus,30000,1,2024-06-23T02:43:57.000Z,https://universalis.app/market/12590
12591,Hallowed Ramie Cloth,Evelynn Yui,7900,10,2024-06-15T03:30:33.000Z,https://universalis.app/market/12591
12592,Chimerical Felt,Fay Ferra,30000,16,2024-06-18T00:47:33.000Z,https://universalis.app/market/12592
12594,Rainbow Thread,Sora Lune,15000,7,2024-07-05T00:56:23.000Z,https://universalis.app/market/12594
12595,Ramie Thread,Dargia Moonstrike,5000,3,2024-06-21T22:30:17.000Z,https://universalis.app/market/12595
12596,Crawler Silk,Yui Kurokawa,6500,3,2024-06-22T23:31:19.000Z,https://universalis.app/market/12596
12599,Chimera Mane,Kessel Run,800,7,2024-06-19T17:52:18.000Z,https://universalis.app/market/12599
12601,Enchanted Mythrite Ink,Wolfie Geen,11111,1,2024-06-15T15:51:41.000Z,https://universalis.app/market/12601
12602,Enchanted Hardsilver Ink,Mary Iyaa,15000,1,2024-06-19T11:57:26.000Z,https://universalis.app/market/12602
12603,Enchanted Aurum Regis Ink,Tarot Ashencloak,3795,6,2024-06-12T01:50:19.000Z,https://universalis.app/market/12603
12604,Holy Water,Salsa Mai,19999,1,2024-07-05T00:44:23.000Z,https://universalis.app/market/12604
12605,Hallowed Water,Asami Kohaku,2500,3,2024-06-23T06:04:01.000Z,https://universalis.app/market/12605
12607,Growth Formula Epsilon,Lahli Tsunhe,16666,2,2024-07-06T00:43:48.000Z,https://universalis.app/market/12607
12608,Growth Formula Zeta,Flying Snow,5100,5,2024-06-09T15:35:20.000Z,https://universalis.app/market/12608
12609,Bear Fat,Verinai Trevelyan,4350,22,2024-06-13T19:38:19.000Z,https://universalis.app/market/12609
12610,Crystal Glass,Judge Oschon,7500,1,2024-06-17T03:57:56.000Z,https://universalis.app/market/12610
12611,Black Firesand,Galateia Starstrider,3000,1,2024-06-16T20:01:33.000Z,https://universalis.app/market/12611
12612,Grade 1 Strength Dissolvent,Skaisier Schatten,5000,1,2024-06-13T06:02:22.000Z,https://universalis.app/market/12612
12613,Grade 1 Dexterity Dissolvent,Wren Filtiarn,19999,1,2024-06-24T02:02:39.000Z,https://universalis.app/market/12613
12614,Grade 1 Vitality Dissolvent,Autumn Drake,10000,3,2024-06-23T05:51:31.000Z,https://universalis.app/market/12614
12615,Grade 1 Intelligence Dissolvent,Morz Slayy,6000000,1,2024-06-19T16:27:43.000Z,https://universalis.app/market/12615
12616,Grade 1 Mind Dissolvent,Aurora Risen,20015,1,2024-06-22T01:57:52.000Z,https://universalis.app/market/12616
12627,Dragon Scale,Ampid Fisher,332,3,2024-06-24T22:40:35.000Z,https://universalis.app/market/12627
12628,Deepeye Tears,Yuki Fuyuno,5002,1,2024-06-13T07:45:47.000Z,https://universalis.app/market/12628
12631,Dravanian Spring Water,Reiner Osborne,2000,1,2024-06-16T21:24:21.000Z,https://universalis.app/market/12631
12632,Abalathian Spring Water,Reiner Osborne,695,2,2024-06-16T21:28:28.000Z,https://universalis.app/market/12632
12638,Coneflower,Ivanna Cross,380,17,2024-06-20T20:13:23.000Z,https://universalis.app/market/12638
12639,Cow Bitter,Johannes Liechtenaure,269,2,2024-06-09T09:20:16.000Z,https://universalis.app/market/12639
12640,Dandelion,Sinister Minister,1000,13,2024-06-10T10:05:40.000Z,https://universalis.app/market/12640
12714,Cloud Coral,Neo Cadenza,14000,17,2024-06-18T21:22:05.000Z,https://universalis.app/market/12714
12737,Seema Patrician,Buck Fum,1500,5,2024-06-09T08:54:04.000Z,https://universalis.app/market/12737
12795,Gloaming Coral,Jake Skye,5000,1,2024-06-15T02:32:45.000Z,https://universalis.app/market/12795
12850,Ishgardian Muffin,Lylac Winter,5000,3,2024-06-19T22:19:35.000Z,https://universalis.app/market/12850
12872,Okeanis Egg,Mirabelle Bees,1250,12,2024-06-17T07:17:39.000Z,https://universalis.app/market/12872
12874,Dhalmel Meat,Alien Milk,100,1,2024-06-14T00:23:50.000Z,https://universalis.app/market/12874
12878,Cyclops Onion,Miku Miyami,2500,1,2024-06-25T00:06:09.000Z,https://universalis.app/market/12878
12881,Highland Flour,Silas Othemaas,4000,1,2024-06-18T23:04:36.000Z,https://universalis.app/market/12881
12883,Mist Dill,Remote Desktop,1500,6,2024-06-23T05:42:23.000Z,https://universalis.app/market/12883
12890,Hollandaise Sauce,Kei Dja-rhoji,6000,3,2024-06-29T20:54:13.000Z,https://universalis.app/market/12890
12892,Birch Syrup,Keiko Kurogane,999,1,2024-06-13T06:21:43.000Z,https://universalis.app/market/12892
12893,Dark Chestnut,Xyllana Seilora,5000,3,2024-07-05T00:02:05.000Z,https://universalis.app/market/12893
12894,Sour Cream,Glam Orous,5000,2,2024-06-10T21:24:49.000Z,https://universalis.app/market/12894
12895,Fermented Butter,Curtis Grinheim,10000,1,2024-07-04T23:28:37.000Z,https://universalis.app/market/12895
12899,Porcini,Mirabelle Bees,435,2,2024-06-17T06:50:35.000Z,https://universalis.app/market/12899
12901,Abalathian Rock Salt,Deydrelithel Song,3999,2,2024-06-14T23:06:27.000Z,https://universalis.app/market/12901
12908,Vermicelli,Imali Gregory,5000,2,2024-06-13T00:22:42.000Z,https://universalis.app/market/12908
12944,Abalathian Mistletoe,Inconsiderate Oreo,1099,4,2024-06-09T18:55:52.000Z,https://universalis.app/market/12944
12971,Highland Oregano,Nocette Joulioud,5000,6,2024-06-09T02:58:38.000Z,https://universalis.app/market/12971
14071,Red Oldroses,Pembrooke Gerraldieux,13397,1,2024-06-13T19:00:55.000Z,https://universalis.app/market/14071
14073,Yellow Oldroses,Fidona Otoel,1499,1,2024-06-09T09:08:43.000Z,https://universalis.app/market/14073
14074,Green Oldroses,Fidona Otoel,987,1,2024-06-09T09:08:46.000Z,https://universalis.app/market/14074
14075,Orange Oldroses,Fidona Otoel,599,1,2024-06-09T09:08:49.000Z,https://universalis.app/market/14075
14076,Purple Oldroses,Morgana Ultimus,9993,1,2024-06-15T16:29:07.000Z,https://universalis.app/market/14076
14077,White Oldroses,Eeveelyn Mihara,2997,1,2024-06-19T05:37:59.000Z,https://universalis.app/market/14077
14078,Black Oldroses,Ciri Dhoro,1798,1,2024-06-14T18:19:57.000Z,https://universalis.app/market/14078
14079,Rainbow Oldroses,Nella Dew,2000,1,2024-06-12T19:16:50.000Z,https://universalis.app/market/14079
16017,Red Violas,Fidona Otoel,944,1,2024-06-09T09:09:04.000Z,https://universalis.app/market/16017
16018,Blue Violas,Mizuki Hinata,4000,1,2024-06-24T03:34:16.000Z,https://universalis.app/market/16018
16019,Yellow Violas,Fidona Otoel,43,1,2024-06-09T09:09:10.000Z,https://universalis.app/market/16019
16020,Green Violas,Fidona Otoel,4,1,2024-06-09T09:09:13.000Z,https://universalis.app/market/16020
16021,Orange Violas,Fidona Otoel,350,1,2024-06-09T09:09:16.000Z,https://universalis.app/market/16021
16022,Purple Violas,Fidona Otoel,200,1,2024-06-09T09:09:19.000Z,https://universalis.app/market/16022
16023,White Violas,Fidona Otoel,248,1,2024-06-09T09:09:23.000Z,https://universalis.app/market/16023
16024,Black Violas,Zamasu Strife,495,1,2024-06-09T21:52:06.000Z,https://universalis.app/market/16024
17048,Red Cherry Blossoms,Fidona Otoel,733,2,2024-06-09T09:09:33.000Z,https://universalis.app/market/17048
17050,Yellow Cherry Blossoms,Ember Igneel,849,1,2024-06-30T08:34:30.000Z,https://universalis.app/market/17050
17051,Green Cherry Blossoms,Eydis Emmilas,455,1,2024-07-05T21:17:40.000Z,https://universalis.app/market/17051
17052,Orange Cherry Blossoms,Fidona Otoel,1299,1,2024-06-09T09:09:44.000Z,https://universalis.app/market/17052
17053,Purple Cherry Blossoms,Astaralynn Foreshadow,444,1,2024-06-14T14:59:28.000Z,https://universalis.app/market/17053
17054,White Cherry Blossoms,Madam Kha,15000,1,2024-06-09T02:30:20.000Z,https://universalis.app/market/17054
17055,Black Cherry Blossoms,Fidona Otoel,993,1,2024-06-09T09:09:52.000Z,https://universalis.app/market/17055
17056,Pink Cherry Blossoms,Circe Kirenay,25000,1,2024-06-14T18:46:35.000Z,https://universalis.app/market/17056
17997,Red Daisies,Fidona Otoel,10,1,2024-06-09T09:09:57.000Z,https://universalis.app/market/17997
17998,Blue Daisies,Subby Puppy,232,1,2024-06-26T04:48:22.000Z,https://universalis.app/market/17998
17999,Yellow Daisies,Fidona Otoel,478,1,2024-06-09T09:10:02.000Z,https://universalis.app/market/17999
18000,Green Daisies,Ambrea Verlaine,174,1,2024-06-24T04:17:52.000Z,https://universalis.app/market/18000
18001,Orange Daisies,Fidona Otoel,94,1,2024-06-09T09:10:08.000Z,https://universalis.app/market/18001
18002,Purple Daisies,Yildun Ursaeus,100,1,2024-06-18T19:14:41.000Z,https://universalis.app/market/18002
18003,White Daisies,Etho Sensei,980,1,2024-06-09T14:17:20.000Z,https://universalis.app/market/18003
18004,Black Daisies,Fidona Otoel,99,1,2024-06-09T09:10:18.000Z,https://universalis.app/market/18004
18005,Rainbow Daisies,Koh Moshan,1400,1,2024-06-25T08:16:36.000Z,https://universalis.app/market/18005
19841,Gyr Abanian Flour,Celia Elora,1000,6,2024-06-24T12:03:00.000Z,https://universalis.app/market/19841
19843,Rice Vinegar,Xyllana Seilora,3500,2,2024-07-05T17:27:58.000Z,https://universalis.app/market/19843
19844,Beet Sugar,Sayana Oktai,250,99,2024-06-19T23:27:51.000Z,https://universalis.app/market/19844
19846,Cottonseed Oil,Banana Fish,2000,2,2024-07-05T10:46:58.000Z,https://universalis.app/market/19846
19848,Algae Salt,Kaia Thorne,700,2,2024-06-16T23:49:52.000Z,https://universalis.app/market/19848
19849,Koshu Sticky Rice,Bree Macintosh,8750,1,2024-06-13T01:33:05.000Z,https://universalis.app/market/19849
19853,Kudzu Root,Nakano Akamori,398,99,2024-06-09T03:55:40.000Z,https://universalis.app/market/19853
19863,Shiitake Mushroom,Spiral Lance,699,8,2024-06-10T06:57:37.000Z,https://universalis.app/market/19863
19864,Cumin Seeds,Miku Miyami,463,6,2024-06-24T22:09:38.000Z,https://universalis.app/market/19864
19865,Lotus Root,Bree Macintosh,490,7,2024-06-13T01:34:13.000Z,https://universalis.app/market/19865
19869,Persimmon,Azryil Bloom,802,99,2024-06-21T07:49:55.000Z,https://universalis.app/market/19869
19871,Gyr Abanian Mineral Water,Miku Miyami,989,1,2024-06-23T13:06:31.000Z,https://universalis.app/market/19871
19873,Dzo Chuck,Shakal Draconis,10,1,2024-06-12T04:43:31.000Z,https://universalis.app/market/19873
19877,Gagana Egg,Leo Stormblade,190,7,2024-06-19T19:28:33.000Z,https://universalis.app/market/19877
19878,Steppe Milk,Violet Brandford,1200,99,2024-07-05T01:11:01.000Z,https://universalis.app/market/19878
19891,Grade 1 Reisui of Strength,Yurika Rin,10028,1,2024-06-24T04:52:55.000Z,https://universalis.app/market/19891
19892,Grade 1 Reisui of Dexterity,Jovvi Gahjewesfv,9026,4,2024-06-23T12:53:12.000Z,https://universalis.app/market/19892
19893,Grade 1 Reisui of Vitality,Rorobin Fishy,10000,1,2024-06-19T17:15:17.000Z,https://universalis.app/market/19893
19894,Grade 1 Reisui of Intelligence,Jasper James,1500,3,2024-06-09T07:17:25.000Z,https://universalis.app/market/19894
19895,Grade 1 Reisui of Mind,Lanaya Salkhi,36792,8,2024-06-15T05:41:47.000Z,https://universalis.app/market/19895
19901,Enchanted Koppranickel Ink,Zoro Hawkeye,5000,1,2024-06-17T15:52:13.000Z,https://universalis.app/market/19901
19902,Enchanted Durium Ink,Papa Barrett,5000,10,2024-06-16T12:42:54.000Z,https://universalis.app/market/19902
19903,Enchanted Palladium Ink,Pepper Smalls,4998,2,2024-06-10T02:36:02.000Z,https://universalis.app/market/19903
19904,Growth Formula Eta,Braska Exiled,1500,1,2024-06-18T23:31:20.000Z,https://universalis.app/market/19904
19905,Growth Formula Theta,Legacy Wolfwood,4000,3,2024-06-17T01:43:42.000Z,https://universalis.app/market/19905
19906,Beetle Glue,Koruria Urabon,9999,1,2024-06-16T15:24:20.000Z,https://universalis.app/market/19906
19909,Persimmon Tannin,Wultgar Wight,1505,2,2024-06-12T20:57:16.000Z,https://universalis.app/market/19909
19913,Nagxian Cudweed,Lurias Bael,1000,10,2024-06-15T20:23:14.000Z,https://universalis.app/market/19913
19916,Windtea Leaves,Rice Shower,5000,99,2024-07-05T18:04:13.000Z,https://universalis.app/market/19916
19917,Holy Basil,Imaweebloljk Butnorly,1000,99,2024-06-14T05:54:08.000Z,https://universalis.app/market/19917
19919,Muud Suud Horn,Onryo Gozen,880,1,2024-06-19T20:27:06.000Z,https://universalis.app/market/19919
19920,Gazelle Horn,Rice Shower,105,3,2024-07-05T18:00:17.000Z,https://universalis.app/market/19920
19921,Dzo Horn,Alise Ku-yunaris,400,4,2024-06-18T21:48:58.000Z,https://universalis.app/market/19921
19923,Bombfish Spine,Nitain Extract,10,1,2024-07-03T21:13:34.000Z,https://universalis.app/market/19923
19925,Beech Lumber,Toxick Khazio,5000,1,2024-06-09T04:38:08.000Z,https://universalis.app/market/19925
19926,Larch Lumber,Milo Amaliana,6000,10,2024-06-14T00:54:32.000Z,https://universalis.app/market/19926
19927,Persimmon Lumber,Atlas Strongarm,3000,2,2024-06-21T23:15:42.000Z,https://universalis.app/market/19927
19928,Zelkova Lumber,Tsubame Yatsurugi,3300,5,2024-06-26T06:02:52.000Z,https://universalis.app/market/19928
19938,Koppranickel Nugget,Toxick Khazio,5000,2,2024-06-09T16:48:28.000Z,https://universalis.app/market/19938
19939,High Steel Nugget,Sir Pizz,6969,1,2024-07-04T11:29:23.000Z,https://universalis.app/market/19939
19940,Koppranickel Ingot,Sir Pizz,4000,5,2024-07-06T09:00:10.000Z,https://universalis.app/market/19940
19941,High Steel Ingot,Rand-o Calrissian,6000,1,2024-06-21T22:03:45.000Z,https://universalis.app/market/19941
19942,Durium Nugget,Koruria Urabon,3500,1,2024-06-15T17:32:38.000Z,https://universalis.app/market/19942
19943,Oroshigane Ingot,Asami Kohaku,10000,3,2024-06-23T05:19:21.000Z,https://universalis.app/market/19943
19944,Durium Ingot,Koruria Urabon,6900,1,2024-06-15T17:42:55.000Z,https://universalis.app/market/19944
19945,Tama-hagane Ingot,Gatsu Gremory,5000,50,2024-06-15T20:23:47.000Z,https://universalis.app/market/19945
19946,Palladium Nugget,Jake Skye,4999,2,2024-06-15T04:30:09.000Z,https://universalis.app/market/19946
19947,Molybdenum Ingot,Bettenhausen Leonhart,5000,53,2024-06-20T06:51:30.000Z,https://universalis.app/market/19947
19962,Triphane,Katsuki Arata,10000,2,2024-06-21T01:28:25.000Z,https://universalis.app/market/19962
19963,Kyanite,Malothe Allanbright,3000,1,2024-07-02T17:13:20.000Z,https://universalis.app/market/19963
19964,Star Spinel,Umbra Messor,2290,2,2024-06-23T04:47:43.000Z,https://universalis.app/market/19964
19965,Azurite,Oblevee Kaisuri,5000,3,2024-06-11T13:56:21.000Z,https://universalis.app/market/19965
19966,Imperial Jade,Wood Wailer,5000,1,2024-06-12T22:36:41.000Z,https://universalis.app/market/19966
19967,Rhodonite,Oro Nea,7500,1,2024-06-23T13:22:07.000Z,https://universalis.app/market/19967
19974,Bloodhempen Cloth,Hildegard Abelinda,9999,2,2024-06-18T21:17:35.000Z,https://universalis.app/market/19974
19975,Bloodhempen Yarn,Elora Balro,3000,38,2024-06-18T17:44:30.000Z,https://universalis.app/market/19975
19977,Ruby Cotton Cloth,Cornchip Unpan,3000,1,2024-06-16T08:15:20.000Z,https://universalis.app/market/19977
19978,Ruby Cotton Yarn,Arueshalae Ex-demon,12000,1,2024-07-07T01:39:13.000Z,https://universalis.app/market/19978
19980,Kudzu Cloth,Gilerandil Frostbane,10000,6,2024-06-22T01:36:52.000Z,https://universalis.app/market/19980
19981,Kudzu Thread,Sir Forklifter,2000,8,2024-06-14T22:28:37.000Z,https://universalis.app/market/19981
19983,Steppe Serge,Ahiro Nakamura,7500,1,2024-06-20T02:48:18.000Z,https://universalis.app/market/19983
19984,Worsted Yarn,Katia Fairi,1005000,1,2024-06-25T15:41:48.000Z,https://universalis.app/market/19984
19985,Halgai Mane,Symforia Rose,500,1,2024-06-21T16:34:47.000Z,https://universalis.app/market/19985
19986,Manzasiri Hair,Anwyn Fjellhammer,200,5,2024-06-16T18:19:17.000Z,https://universalis.app/market/19986
19987,Twinsilk,Seraphina Eryut,3003,1,2024-06-25T05:13:22.000Z,https://universalis.app/market/19987
19988,Twinthread,Sinister Minister,1500,3,2024-06-12T19:29:58.000Z,https://universalis.app/market/19988
19993,Gagana Leather,Catboy Kiba,8686,2,2024-06-10T14:37:40.000Z,https://universalis.app/market/19993
19994,Gyuki Leather,Sir Pizz,8000,10,2024-07-06T08:59:41.000Z,https://universalis.app/market/19994
19995,Tiger Leather,Lucien Dragunov,15000,1,2024-06-16T20:23:57.000Z,https://universalis.app/market/19995
19996,Marid Leather,Sir Forklifter,3000,10,2024-06-14T22:27:21.000Z,https://universalis.app/market/19996
19997,Gazelle Leather,Violet Brandford,8000,10,2024-07-05T07:10:17.000Z,https://universalis.app/market/19997
20006,Diatomite,Marza Ming,420,57,2024-06-23T17:35:17.000Z,https://universalis.app/market/20006
20007,Slate,Asami Kohaku,1000,11,2024-06-24T03:12:38.000Z,https://universalis.app/market/20007
20008,Slate Whetstone,Taryel Vandree,8800,1,2024-06-09T11:28:37.000Z,https://universalis.app/market/20008
20010,Perlite,Rosso Rojo'rouge,1000,14,2024-06-12T04:12:53.000Z,https://universalis.app/market/20010
20011,Almandine,Marivel Armitage,972,2,2024-06-09T04:23:20.000Z,https://universalis.app/market/20011
20179,Swordtip,Godbert Nyanderville,2000,4,2024-06-17T10:05:56.000Z,https://universalis.app/market/20179
20187,Yanxian Tiger Prawn,Alien Milk,1000,24,2024-06-14T00:52:54.000Z,https://universalis.app/market/20187
20796,Red Brightlilies,Fidona Otoel,7449,1,2024-06-09T18:42:57.000Z,https://universalis.app/market/20796
20797,Blue Brightlilies,Fidona Otoel,3500,1,2024-06-09T18:43:04.000Z,https://universalis.app/market/20797
20798,Yellow Brightlilies,Aphelios Atsuiryuo,1004,1,2024-06-23T03:06:38.000Z,https://universalis.app/market/20798
20799,Green Brightlilies,Fidona Otoel,3999,1,2024-06-09T18:43:14.000Z,https://universalis.app/market/20799
20800,Orange Brightlilies,Fidona Otoel,1996,1,2024-06-09T18:43:17.000Z,https://universalis.app/market/20800
20801,Purple Brightlilies,Fidona Otoel,4996,1,2024-06-09T18:43:21.000Z,https://universalis.app/market/20801
20802,White Brightlilies,Desidia Nyx,87700,1,2024-06-25T07:29:27.000Z,https://universalis.app/market/20802
21876,Red Tulips,Fidona Otoel,1999,1,2024-06-09T18:43:32.000Z,https://universalis.app/market/21876
21877,Blue Tulips,Fidona Otoel,1000,1,2024-06-09T18:43:35.000Z,https://universalis.app/market/21877
21878,Yellow Tulips,Klath Cayden,6995,2,2024-06-17T01:19:53.000Z,https://universalis.app/market/21878
21879,Green Tulips,Fidona Otoel,180,1,2024-06-09T18:43:41.000Z,https://universalis.app/market/21879
21880,Orange Tulips,Fidona Otoel,404,1,2024-06-09T18:43:48.000Z,https://universalis.app/market/21880
21881,Purple Tulips,Fidona Otoel,1999,1,2024-06-09T18:43:52.000Z,https://universalis.app/market/21881
21882,White Tulips,Aphelios Atsuiryuo,884,1,2024-06-11T00:50:09.000Z,https://universalis.app/market/21882
21883,Black Tulips,Fidona Otoel,395,1,2024-06-09T18:43:58.000Z,https://universalis.app/market/21883
21884,Rainbow Tulips,Melody Rosesong,4200,1,2024-06-22T17:47:50.000Z,https://universalis.app/market/21884
22590,Red Dahlias,Cornchip Unpan,1999,1,2024-06-10T22:50:27.000Z,https://universalis.app/market/22590
22591,Blue Dahlias,Fidona Otoel,1000,1,2024-06-09T18:44:10.000Z,https://universalis.app/market/22591
22592,Yellow Dahlias,A'juliet Diaz,499,1,2024-06-12T23:23:55.000Z,https://universalis.app/market/22592
22593,Green Dahlias,Johnny Granny,68,1,2024-06-19T11:49:33.000Z,https://universalis.app/market/22593
22595,Purple Dahlias,Astaralynn Foreshadow,126,1,2024-06-14T14:59:44.000Z,https://universalis.app/market/22595
22596,White Dahlias,Johnny Granny,999,1,2024-06-19T11:49:04.000Z,https://universalis.app/market/22596
22597,Black Dahlias,Fidona Otoel,299,1,2024-06-09T18:44:35.000Z,https://universalis.app/market/22597
24166,Red Arums,Amunaptra Atem,190,1,2024-06-10T05:33:13.000Z,https://universalis.app/market/24166
24168,Yellow Arums,Fidona Otoel,400,1,2024-06-09T18:44:49.000Z,https://universalis.app/market/24168
24169,Green Arums,Fidona Otoel,30,1,2024-06-09T18:44:53.000Z,https://universalis.app/market/24169
24170,Orange Arums,Fidona Otoel,299,1,2024-06-09T18:44:56.000Z,https://universalis.app/market/24170
24171,Purple Arums,Fidona Otoel,104,1,2024-06-09T18:45:00.000Z,https://universalis.app/market/24171
24172,White Arums,Fidona Otoel,800,1,2024-06-09T18:45:03.000Z,https://universalis.app/market/24172
24173,Black Arums,Fidona Otoel,499,1,2024-06-09T18:45:06.000Z,https://universalis.app/market/24173
24174,Rainbow Arums,Syeirra Forelight,53,1,2024-07-06T02:42:13.000Z,https://universalis.app/market/24174
24542,Red Lilies of the Valley,Fidona Otoel,155,1,2024-06-09T18:45:12.000Z,https://universalis.app/market/24542
24544,Yellow Lilies of the Valley,Fidona Otoel,150,1,2024-06-09T18:45:17.000Z,https://universalis.app/market/24544
24545,Green Lilies of the Valley,Fidona Otoel,692,1,2024-06-09T18:45:20.000Z,https://universalis.app/market/24545
24546,Orange Lilies of the Valley,Fidona Otoel,75,1,2024-06-09T18:45:24.000Z,https://universalis.app/market/24546
24547,Purple Lilies of the Valley,Fidona Otoel,189,1,2024-06-09T18:45:33.000Z,https://universalis.app/market/24547
24548,White Lilies of the Valley,Amunaptra Atem,1100,1,2024-06-10T05:33:24.000Z,https://universalis.app/market/24548
24549,Black Lilies of the Valley,Fidona Otoel,11,1,2024-06-09T18:46:27.000Z,https://universalis.app/market/24549
24550,Rainbow Lilies of the Valley,Nella Dew,68,1,2024-06-12T19:17:05.000Z,https://universalis.app/market/24550
27321,Red Hydrangeas,Melody Primrose,1990,1,2024-06-10T03:37:46.000Z,https://universalis.app/market/27321
27322,Blue Hydrangeas,Lycoris Lunaris,3399,1,2024-06-24T20:32:08.000Z,https://universalis.app/market/27322
27323,Yellow Hydrangeas,Azisare Tepet,1998,2,2024-07-03T11:33:29.000Z,https://universalis.app/market/27323
27324,Green Hydrangeas,Melody Primrose,180,1,2024-06-10T03:37:34.000Z,https://universalis.app/market/27324
27325,Orange Hydrangeas,Catherine Lawson,200,1,2024-06-09T06:45:01.000Z,https://universalis.app/market/27325
27326,Purple Hydrangeas,Melody Primrose,1594,1,2024-06-10T03:41:13.000Z,https://universalis.app/market/27326
27327,White Hydrangeas,Te'q Pilipala,1213,1,2024-07-04T23:38:42.000Z,https://universalis.app/market/27327
27328,Black Hydrangeas,Catherine Lawson,20,1,2024-06-09T06:45:14.000Z,https://universalis.app/market/27328
27329,Rainbow Hydrangeas,Melody Primrose,5000,1,2024-06-10T03:41:27.000Z,https://universalis.app/market/27329
27689,White Oak Lumber,Moogs Poogs,2013,3,2024-06-14T18:19:22.000Z,https://universalis.app/market/27689
27690,Miracle Apple Lumber,Choko Meow,1900,5,2024-06-15T22:21:57.000Z,https://universalis.app/market/27690
27691,White Ash Lumber,Yunalesca Yevon,3000,1,2024-06-23T21:43:45.000Z,https://universalis.app/market/27691
27692,Sandteak Lumber,Spiral Lance,11141,4,2024-06-12T04:03:56.000Z,https://universalis.app/market/27692
27693,Lignum Vitae Lumber,Ivakiir Stark,7214,13,2024-06-12T16:03:25.000Z,https://universalis.app/market/27693
27706,Deepgold Nugget,Elora Balro,20715,1,2024-06-18T19:25:50.000Z,https://universalis.app/market/27706
27707,Stonegold Nugget,Violet Brandford,6969,46,2024-07-05T08:12:33.000Z,https://universalis.app/market/27707
27708,Deepgold Ingot,Hand Holding,8000,1,2024-07-05T06:23:06.000Z,https://universalis.app/market/27708
27709,Stonegold Ingot,Ghost Vlll,12000,1,2024-06-22T10:12:00.000Z,https://universalis.app/market/27709
27710,Manasilver Nugget,Artorius Lionheart,30000,6,2024-06-18T08:00:27.000Z,https://universalis.app/market/27710
27711,Bluespirit Tile,Evelynn Yui,5000,10,2024-06-14T05:00:21.000Z,https://universalis.app/market/27711
27712,Titanbronze Nugget,Pablo Mondragon,10000,2,2024-06-12T18:22:48.000Z,https://universalis.app/market/27712
27713,Titanbronze Ingot,Sinister Minister,4500,2,2024-06-12T07:44:02.000Z,https://universalis.app/market/27713
27714,Dwarven Mythril Ingot,Sko'gar Ljon,2200,3,2024-06-10T23:53:06.000Z,https://universalis.app/market/27714
27715,Dwarven Mythril Nugget,Althea Valorenzzz,5012,3,2024-06-15T06:29:16.000Z,https://universalis.app/market/27715
27720,Hematite,Ultimecia's Sesheyan,1000,1,2024-06-12T17:07:03.000Z,https://universalis.app/market/27720
27721,Diaspore,Eve Rorru,4800,3,2024-06-10T18:56:02.000Z,https://universalis.app/market/27721
27722,Lazurite,Lee Stanford,50,1,2024-06-15T05:30:53.000Z,https://universalis.app/market/27722
27723,Triplite,Abeline Cocoa,5000,5,2024-06-12T08:09:16.000Z,https://universalis.app/market/27723
27724,Petalite,Sam Dickey,10000,2,2024-06-24T04:37:48.000Z,https://universalis.app/market/27724
27725,Onyx,Kiryuin Satsuki,19999,2,2024-06-23T14:38:10.000Z,https://universalis.app/market/27725
27738,Smilodon Leather,Sir Forklifter,10526,1,2024-06-14T22:12:30.000Z,https://universalis.app/market/27738
27739,Green Glider Leather,William Leonehart,6005,2,2024-06-16T05:04:05.000Z,https://universalis.app/market/27739
27740,Atrociraptor Leather,Miah'to Tephet,9000,2,2024-06-13T19:47:55.000Z,https://universalis.app/market/27740
27741,Zonure Leather,Death Embrace,5000,10,2024-06-10T19:15:08.000Z,https://universalis.app/market/27741
27742,Sea Swallow Leather,Sora Lune,8000,21,2024-07-05T05:02:55.000Z,https://universalis.app/market/27742
27745,Bright Linen Cloth,Rythos Bloodthorn,3899,1,2024-07-02T19:01:06.000Z,https://universalis.app/market/27745
27746,Bright Linen Yarn,Jasper James,1500,1,2024-06-17T00:14:52.000Z,https://universalis.app/market/27746
27748,Iridescent Silk,Artorius Lionheart,19999,2,2024-06-14T17:53:29.000Z,https://universalis.app/market/27748
27749,Iridescent Silk Thread,Caydyn Cotheris,948,1,2024-06-23T00:46:24.000Z,https://universalis.app/market/27749
27751,Pixie Cotton,Sinister Minister,10000,6,2024-06-12T20:53:29.000Z,https://universalis.app/market/27751
27752,Pixie Floss,Evelynn Yui,4000,6,2024-06-17T15:07:29.000Z,https://universalis.app/market/27752
27754,Ovim Wool,Althea Valorenzzz,5000,1,2024-06-09T12:16:05.000Z,https://universalis.app/market/27754
27755,Ovim Wool Yarn,Evelynn Yui,3909,1,2024-06-17T19:44:13.000Z,https://universalis.app/market/27755
27757,Dwarven Cotton,Bladyn Zaccai,10000,2,2024-06-17T02:53:21.000Z,https://universalis.app/market/27757
27758,Dwarven Cotton Thread,Hitomi Murakami,2100,1,2024-06-20T06:03:30.000Z,https://universalis.app/market/27758
27763,Hoptrap Leaf,Misa Grace,975,60,2024-06-10T10:20:44.000Z,https://universalis.app/market/27763
27765,Growth Formula Iota,Ivakiir Stark,3000,10,2024-06-09T21:40:25.000Z,https://universalis.app/market/27765
27766,Enchanted Truegold Ink,Cinna Spice,2000,1,2024-06-15T02:42:23.000Z,https://universalis.app/market/27766
27767,Grade 1 Strength Alkahest,Anwyn Fjellhammer,4990,4,2024-06-16T18:08:45.000Z,https://universalis.app/market/27767
27768,Grade 1 Dexterity Alkahest,Asher Mythgard,5000,1,2024-06-24T21:53:58.000Z,https://universalis.app/market/27768
27769,Grade 1 Vitality Alkahest,Altair Dornar,6000,4,2024-06-22T21:31:05.000Z,https://universalis.app/market/27769
27770,Grade 1 Intelligence Alkahest,Kayuza Yayreza,2500,2,2024-07-05T01:38:46.000Z,https://universalis.app/market/27770
27771,Grade 1 Mind Alkahest,Arifa Norphine,4008,2,2024-06-29T02:42:13.000Z,https://universalis.app/market/27771
27772,Enchanted Manasilver Ink,Solle Lane,2500,2,2024-06-12T18:02:36.000Z,https://universalis.app/market/27772
27775,Starch Glue,Abeline Cocoa,15000,1,2024-06-12T08:12:59.000Z,https://universalis.app/market/27775
27778,Growth Formula Kappa,Lunelle Lavigne,37795,6,2024-06-20T01:08:39.000Z,https://universalis.app/market/27778
27781,Enchanted Dimythrite Ink,Enri Faer,8000,1,2024-06-10T22:55:16.000Z,https://universalis.app/market/27781
27782,Underground Spring Water,Yurei Yamato,1900,18,2024-06-09T02:35:32.000Z,https://universalis.app/market/27782
27783,Lime Basil,Venz Mason,1200,3,2024-07-04T00:27:04.000Z,https://universalis.app/market/27783
27785,Light Gerbera,Verinai Trevelyan,3301,3,2024-06-18T14:57:25.000Z,https://universalis.app/market/27785
27798,Island Wolf Fang,Tsubame Yatsurugi,1150,1,2024-06-18T04:54:27.000Z,https://universalis.app/market/27798
27799,Cubus Flesh,William Leonehart,1299,50,2024-06-14T21:40:54.000Z,https://universalis.app/market/27799
27802,Hard Mudstone Whetstone,William Leonehart,2000,12,2024-06-21T20:16:48.000Z,https://universalis.app/market/27802
27804,Tuff Whetstone,Koruria Urabon,3493,3,2024-06-20T00:35:16.000Z,https://universalis.app/market/27804
27818,Purple Carrot,Miku Miyami,1000,9,2024-06-24T23:13:44.000Z,https://universalis.app/market/27818
27821,Amber Cloves,Maysa Helaire,9000,2,2024-06-25T15:38:39.000Z,https://universalis.app/market/27821
27822,Russet Popoto,Ursula Berengar,900000,1,2024-06-12T03:50:00.000Z,https://universalis.app/market/27822
27825,Blood Tomato,Cassis Milk,800,4,2024-06-15T05:35:14.000Z,https://universalis.app/market/27825
27827,Night Pepper,Magnolia Lan,350,1,2024-06-12T01:16:32.000Z,https://universalis.app/market/27827
27828,Mist Spinach,Luna Anna,1107,7,2024-06-12T23:54:20.000Z,https://universalis.app/market/27828
27835,Lemonette,Tk Wolf,100003,32,2024-07-04T22:44:54.000Z,https://universalis.app/market/27835
27837,Coffee Beans,Brown Girls,242,99,2024-06-20T00:35:01.000Z,https://universalis.app/market/27837
27838,Frantoio Oil,Sinister Minister,10004,2,2024-06-13T02:48:53.000Z,https://universalis.app/market/27838
27839,Garden Beet Sugar,Celia Elora,1000,42,2024-06-24T15:03:34.000Z,https://universalis.app/market/27839
27840,Squid Ink,Sinister Minister,6500,60,2024-06-13T02:47:08.000Z,https://universalis.app/market/27840
27841,Upland Wheat Flour,Miku Miyami,5000,1,2024-06-24T23:15:34.000Z,https://universalis.app/market/27841
27842,Golden Honey,Zumie Kudeken,1799,40,2024-06-14T00:06:04.000Z,https://universalis.app/market/27842
27850,Rail Tenderloin,William Leonehart,2003,6,2024-06-13T04:08:22.000Z,https://universalis.app/market/27850
27851,Lorikeet Egg,Violet Brandford,1300,2,2024-07-05T11:47:28.000Z,https://universalis.app/market/27851
27955,Crimson Firesand,Illidari Nightfall,4993,1,2024-06-15T00:26:08.000Z,https://universalis.app/market/27955
27968,Highland Spring Water,Annabelle Asmara,605,76,2024-06-21T23:38:28.000Z,https://universalis.app/market/27968
28176,Red Campanulas,Fidona Otoel,401,1,2024-06-09T18:46:40.000Z,https://universalis.app/market/28176
28177,Blue Campanulas,Fidona Otoel,603,1,2024-06-09T18:46:43.000Z,https://universalis.app/market/28177
28178,Yellow Campanulas,Fidona Otoel,71,1,2024-06-09T18:46:47.000Z,https://universalis.app/market/28178
28179,Green Campanulas,Fidona Otoel,264,1,2024-06-09T18:47:42.000Z,https://universalis.app/market/28179
28181,Purple Campanulas,Lycoris Lunaris,158,1,2024-06-24T20:31:53.000Z,https://universalis.app/market/28181
28182,White Campanulas,Fidona Otoel,299,1,2024-06-09T18:47:53.000Z,https://universalis.app/market/28182
28183,Black Campanulas,Fidona Otoel,95,1,2024-06-09T18:47:56.000Z,https://universalis.app/market/28183
28184,Rainbow Campanulas,Fidona Otoel,300,1,2024-06-09T18:48:00.000Z,https://universalis.app/market/28184
28948,Red Hyacinths,Lucian Silversong,2399,1,2024-06-09T12:44:32.000Z,https://universalis.app/market/28948
28949,Blue Hyacinths,Eyas Dessolan,292,1,2024-06-21T11:49:42.000Z,https://universalis.app/market/28949
28950,Yellow Hyacinths,Fidona Otoel,97,1,2024-06-09T18:48:49.000Z,https://universalis.app/market/28950
28951,Green Hyacinths,Fidona Otoel,1895,1,2024-06-09T18:48:53.000Z,https://universalis.app/market/28951
28952,Orange Hyacinths,Fidona Otoel,60,1,2024-06-09T18:48:56.000Z,https://universalis.app/market/28952
28953,Purple Hyacinths,Fidona Otoel,948,1,2024-06-09T18:49:00.000Z,https://universalis.app/market/28953
28954,White Hyacinths,Alicia Florence,4990,1,2024-06-22T05:25:26.000Z,https://universalis.app/market/28954
28955,Black Hyacinths,Fidona Otoel,302,1,2024-06-09T18:49:05.000Z,https://universalis.app/market/28955
28956,Rainbow Hyacinths,Lucian Silversong,9000,1,2024-07-03T00:16:00.000Z,https://universalis.app/market/28956
30366,Red Cosmos,Fidona Otoel,20,1,2024-06-10T00:06:35.000Z,https://universalis.app/market/30366
30367,Blue Cosmos,Fidona Otoel,398,1,2024-06-10T00:06:38.000Z,https://universalis.app/market/30367
30368,Yellow Cosmos,Yna Mikazuki,895,1,2024-06-16T20:26:22.000Z,https://universalis.app/market/30368
30369,Green Cosmos,Fidona Otoel,300,1,2024-06-10T00:06:44.000Z,https://universalis.app/market/30369
30370,Orange Cosmos,Fidona Otoel,146,1,2024-06-10T00:06:47.000Z,https://universalis.app/market/30370
30371,Purple Cosmos,Fidona Otoel,750,1,2024-06-10T00:06:52.000Z,https://universalis.app/market/30371
30372,White Cosmos,Fionn Aodhan,200,1,2024-06-23T02:05:58.000Z,https://universalis.app/market/30372
30373,Black Cosmos,Fidona Otoel,219,1,2024-06-10T00:07:00.000Z,https://universalis.app/market/30373
30374,Rainbow Cosmos,Fidona Otoel,500,1,2024-06-10T00:07:03.000Z,https://universalis.app/market/30374
32813,Red Carnations,Fidona Otoel,1999,1,2024-06-10T00:07:07.000Z,https://universalis.app/market/32813
32814,Blue Carnations,Shadowheart Halowleaf,698,1,2024-06-25T15:42:13.000Z,https://universalis.app/market/32814
32815,Yellow Carnations,Hikaru Arius,200,1,2024-06-12T00:38:40.000Z,https://universalis.app/market/32815
32816,Green Carnations,Fidona Otoel,1000,1,2024-06-10T00:07:17.000Z,https://universalis.app/market/32816
32817,Orange Carnations,Fidona Otoel,172,1,2024-06-10T00:07:21.000Z,https://universalis.app/market/32817
32818,Purple Carnations,Fidona Otoel,1990,1,2024-06-10T00:07:25.000Z,https://universalis.app/market/32818
32819,White Carnations,Fidona Otoel,5999,1,2024-06-10T00:07:28.000Z,https://universalis.app/market/32819
32820,Black Carnations,Fidona Otoel,4499,1,2024-06-10T00:07:31.000Z,https://universalis.app/market/32820
32821,Rainbow Carnations,Fidona Otoel,4899,1,2024-06-10T00:07:34.000Z,https://universalis.app/market/32821
33307,Red Moth Orchids,Fidona Otoel,1000,1,2024-06-10T00:07:37.000Z,https://universalis.app/market/33307
33308,Blue Moth Orchids,Fidona Otoel,1400,1,2024-06-10T00:07:40.000Z,https://universalis.app/market/33308
33309,Yellow Moth Orchids,Fidona Otoel,2997,1,2024-06-10T00:07:44.000Z,https://universalis.app/market/33309
33310,Green Moth Orchids,Fidona Otoel,899,1,2024-06-10T00:07:46.000Z,https://universalis.app/market/33310
33311,Orange Moth Orchids,Fidona Otoel,100,1,2024-06-10T00:07:49.000Z,https://universalis.app/market/33311
33312,Purple Moth Orchids,Fidona Otoel,9500,1,2024-06-10T00:07:52.000Z,https://universalis.app/market/33312
33313,White Moth Orchids,Lidia Stormblessed,4000,1,2024-06-10T17:39:35.000Z,https://universalis.app/market/33313
33314,Black Moth Orchids,Fidona Otoel,1997,1,2024-06-10T00:07:58.000Z,https://universalis.app/market/33314
33315,Rainbow Moth Orchids,Fidona Otoel,4896,1,2024-06-10T00:08:01.000Z,https://universalis.app/market/33315
35745,Red Triteleia,Fidona Otoel,500,1,2024-06-10T00:08:06.000Z,https://universalis.app/market/35745
35746,Blue Triteleia,Fidona Otoel,50,1,2024-06-10T00:08:09.000Z,https://universalis.app/market/35746
35747,Yellow Triteleia,Fidona Otoel,2804,1,2024-06-10T00:08:12.000Z,https://universalis.app/market/35747
35748,Green Triteleia,Fidona Otoel,99,1,2024-06-10T00:08:15.000Z,https://universalis.app/market/35748
35749,Orange Triteleia,Fidona Otoel,50,1,2024-06-10T00:08:19.000Z,https://universalis.app/market/35749
35750,Purple Triteleia,Astaralynn Foreshadow,150,1,2024-06-14T15:00:13.000Z,https://universalis.app/market/35750
35751,White Triteleia,Fidona Otoel,4870,1,2024-06-10T00:08:25.000Z,https://universalis.app/market/35751
35752,Black Triteleia,Fidona Otoel,2088,1,2024-06-10T00:08:28.000Z,https://universalis.app/market/35752
35753,Rainbow Triteleia,Desdemora Viautroix,396,1,2024-06-14T00:37:20.000Z,https://universalis.app/market/35753
36077,Dark Rye Flour,Luxanna De'rose,7000,41,2024-07-04T15:45:41.000Z,https://universalis.app/market/36077
36079,Perilla Oil,Lillith Darkhallow,2200,14,2024-06-22T02:26:50.000Z,https://universalis.app/market/36079
36080,Palm Sugar,Orange Juiced,10000,30,2024-06-25T17:08:52.000Z,https://universalis.app/market/36080
36081,Garlean Cheese,Oldman Tucker,5000,2,2024-07-06T23:07:16.000Z,https://universalis.app/market/36081
36082,Coconut Milk,Elena Michaels,9999,4,2024-07-07T00:12:11.000Z,https://universalis.app/market/36082
36088,Iceberg Lettuce,Amane Ember,700,10,2024-07-03T17:30:09.000Z,https://universalis.app/market/36088
36089,Giant Popoto,Shenanigans Are,1000,20,2024-06-20T21:57:57.000Z,https://universalis.app/market/36089
36090,Carrot of Happiness,X'vett Zeralt,8000,9,2024-07-03T18:07:08.000Z,https://universalis.app/market/36090
36095,Elder Nutmeg Seeds,Aurora Lyra,1200,1,2024-06-24T00:47:05.000Z,https://universalis.app/market/36095
36096,Sykon,Mini Willy,1000,34,2024-06-25T17:37:23.000Z,https://universalis.app/market/36096
36165,Manganese Ore,Abi Barlow,4000,11,2024-07-05T15:06:07.000Z,https://universalis.app/market/36165
36168,High Durium Nugget,Verinai Trevelyan,8000,99,2024-06-19T03:45:39.000Z,https://universalis.app/market/36168
36169,High Durium Ingot,Milo Amaliana,7012,2,2024-06-20T07:20:12.000Z,https://universalis.app/market/36169
36170,Bismuth Ingot,Asfar Ii,12999,1,2024-06-24T19:57:22.000Z,https://universalis.app/market/36170
36171,Manganese Ingot,Sartael Riziel,8000,9,2024-06-25T22:21:01.000Z,https://universalis.app/market/36171
36172,Chondrite Ingot,Nanette Auer,10000,12,2024-07-05T00:04:54.000Z,https://universalis.app/market/36172
36182,Ametrine,Milo Amaliana,15000,3,2024-06-17T19:05:11.000Z,https://universalis.app/market/36182
36183,Pewter Ingot,Lucien Lightborn,10000,2,2024-06-15T04:27:47.000Z,https://universalis.app/market/36183
36184,Phrygian Gold Ingot,Fluffy's Kitty,20000,5,2024-06-24T13:35:27.000Z,https://universalis.app/market/36184
36185,Blue Zircon,Sinister Minister,11000,2,2024-06-17T20:56:18.000Z,https://universalis.app/market/36185
36186,Star Quartz,Orange Juiced,11007,1,2024-06-25T17:04:06.000Z,https://universalis.app/market/36186
36188,Chloroschist Whetstone,Azazel Blaze,5000,40,2024-07-04T12:50:06.000Z,https://universalis.app/market/36188
36189,Annite Whetstone,Jojo Witte,25000,1,2024-07-06T01:41:42.000Z,https://universalis.app/market/36189
36196,Horse Chestnut Lumber,Lexarious Sol,6750,3,2024-06-22T10:13:43.000Z,https://universalis.app/market/36196
36197,Palm Lumber,William Leonehart,3014,2,2024-06-20T22:43:59.000Z,https://universalis.app/market/36197
36198,Red Pine Lumber,Luna Anna,7000,5,2024-06-12T16:56:51.000Z,https://universalis.app/market/36198
36199,Ironwood Lumber,Thistle Odeng,3500,5,2024-06-13T04:01:27.000Z,https://universalis.app/market/36199
36200,Integral Lumber,Elextra Kamui,20000,1,2024-07-04T10:49:09.000Z,https://universalis.app/market/36200
36208,Dark Hempen Cloth,Mars Drogo,30000,1,2024-07-04T15:01:00.000Z,https://universalis.app/market/36208
36209,Almasty Serge,Alphonse Yulis,19000,1,2024-06-15T05:46:56.000Z,https://universalis.app/market/36209
36210,Snow Linen,Lucien Lightborn,8999,6,2024-06-15T05:21:14.000Z,https://universalis.app/market/36210
36211,Scarlet Moko Cloth,Sil Valentine,8999,1,2024-06-16T06:25:35.000Z,https://universalis.app/market/36211
36212,AR-Caean Velvet,Kikito Kito,19000,2,2024-06-21T20:46:55.000Z,https://universalis.app/market/36212
36227,Grade 5 Strength Alkahest,Esther Barlowe,20000,2,2024-06-20T14:02:45.000Z,https://universalis.app/market/36227
36228,Grade 5 Dexterity Alkahest,Ky Narukami,2000,5,2024-07-01T21:12:28.000Z,https://universalis.app/market/36228
36229,Grade 5 Vitality Alkahest,Alaya Redgrave,6000,10,2024-06-12T04:44:12.000Z,https://universalis.app/market/36229
36230,Grade 5 Intelligence Alkahest,Angrboda Melkor,3000,3,2024-07-03T17:53:52.000Z,https://universalis.app/market/36230
36231,Grade 5 Mind Alkahest,Ivakiir Stark,5000,10,2024-06-11T21:12:58.000Z,https://universalis.app/market/36231
36237,Enchanted High Durium Ink,Subby Puppy,20000,16,2024-06-14T22:07:49.000Z,https://universalis.app/market/36237
36238,Enchanted Manganese Ink,Amiella Alba,25000,1,2024-07-04T15:08:57.000Z,https://universalis.app/market/36238
36239,Moon Gel,Zane Ashura,35000,2,2024-07-06T18:15:39.000Z,https://universalis.app/market/36239
36240,Sungold Firesand,Seofon Marquis,30000,2,2024-07-05T01:00:44.000Z,https://universalis.app/market/36240
36247,Gaja Leather,Scarlet Everfire,10000,2,2024-06-25T18:59:47.000Z,https://universalis.app/market/36247
36248,Luncheon Toad Leather,Sycella Morning,14899,6,2024-06-25T14:56:11.000Z,https://universalis.app/market/36248
36249,Saiga Leather,Plumpy Muffin,20000,1,2024-06-22T18:46:32.000Z,https://universalis.app/market/36249
36250,Kumbhira Leather,Artorius Lionheart,7000,10,2024-06-14T17:52:53.000Z,https://universalis.app/market/36250
36251,Ophiotauros Leather,T'alarea Taraf,99999,1,2024-06-25T00:31:33.000Z,https://universalis.app/market/36251
36255,Ovibos Milk,Gemmy Tee,1500,2,2024-07-07T01:15:59.000Z,https://universalis.app/market/36255
36256,Egg of Elpis,Lunelle Lavigne,3005,5,2024-07-06T03:05:59.000Z,https://universalis.app/market/36256
36257,Mousse Flesh,Starving Rtist,6000,5,2024-07-04T01:08:43.000Z,https://universalis.app/market/36257
36258,Lunatender Blossom,Ryme Belfraido,3000,1,2024-07-04T01:13:28.000Z,https://universalis.app/market/36258
36260,Petalouda Scales,Turaya Moriti,20000,4,2024-07-05T08:43:11.000Z,https://universalis.app/market/36260
36261,Berkanan Sap,Ardath Duskwind,1999,5,2024-07-04T22:26:34.000Z,https://universalis.app/market/36261
36262,Dynamis Crystal,Mop Slap,3000,15,2024-07-05T19:02:16.000Z,https://universalis.app/market/36262
36263,Ambrosial Water,Kenai Sureheart,1200000,1,2024-06-17T20:11:44.000Z,https://universalis.app/market/36263
36264,Amra,Gisela Kurokage,1000,3,2024-06-14T12:32:27.000Z,https://universalis.app/market/36264
36386,Northern Herring,Almond Roka,15000,1,2024-06-25T22:35:49.000Z,https://universalis.app/market/36386
36523,Spiny King Crab,Nenemo Kurukuri,2999,2,2024-06-25T00:43:05.000Z,https://universalis.app/market/36523
36569,Grey Mullet,Lucien Lightborn,993,5,2024-06-18T00:39:32.000Z,https://universalis.app/market/36569
37303,Red Byregotia,Fidona Otoel,1000,1,2024-06-10T00:08:36.000Z,https://universalis.app/market/37303
37304,Blue Byregotia,Fidona Otoel,2000,1,2024-06-10T00:53:43.000Z,https://universalis.app/market/37304
37305,Yellow Byregotia,Fidona Otoel,704,1,2024-06-10T00:53:46.000Z,https://universalis.app/market/37305
37306,Green Byregotia,Fidona Otoel,197,1,2024-06-10T00:53:49.000Z,https://universalis.app/market/37306
37307,Orange Byregotia,Fidona Otoel,3000,1,2024-06-10T00:08:51.000Z,https://universalis.app/market/37307
37308,Purple Byregotia,Fidona Otoel,5800,1,2024-06-10T00:53:56.000Z,https://universalis.app/market/37308
37309,White Byregotia,Fidona Otoel,12000,1,2024-06-10T00:54:01.000Z,https://universalis.app/market/37309
37310,Black Byregotia,Alistair Darkwynter,1999,1,2024-06-20T16:49:10.000Z,https://universalis.app/market/37310
37311,Rainbow Byregotia,Myosotis Vermouth,1999,1,2024-06-09T19:28:28.000Z,https://universalis.app/market/37311
38660,Red Sweet Peas,Fidona Otoel,1299,1,2024-06-10T00:54:10.000Z,https://universalis.app/market/38660
38661,Blue Sweet Peas,Fidona Otoel,1495,1,2024-06-10T00:54:14.000Z,https://universalis.app/market/38661
38662,Yellow Sweet Peas,Fidona Otoel,1000,1,2024-06-10T00:54:18.000Z,https://universalis.app/market/38662
38663,Green Sweet Peas,Fidona Otoel,500,1,2024-06-10T00:54:24.000Z,https://universalis.app/market/38663
38664,Orange Sweet Peas,Fidona Otoel,1194,1,2024-06-10T00:54:28.000Z,https://universalis.app/market/38664
38665,Purple Sweet Peas,Fidona Otoel,12500,1,2024-06-10T00:54:33.000Z,https://universalis.app/market/38665
38666,White Sweet Peas,Fidona Otoel,17990,1,2024-06-10T00:09:30.000Z,https://universalis.app/market/38666
38667,Black Sweet Peas,Rezule Molkot,8000,1,2024-06-18T20:38:11.000Z,https://universalis.app/market/38667
38668,Rainbow Sweet Peas,Moristar Daegaur,2000,1,2024-06-23T06:41:11.000Z,https://universalis.app/market/38668
39461,Red Morning Glories,Fidona Otoel,497,1,2024-06-10T03:23:13.000Z,https://universalis.app/market/39461
39462,Blue Morning Glories,Fidona Otoel,450,1,2024-06-10T03:23:16.000Z,https://universalis.app/market/39462
39463,Yellow Morning Glories,Fidona Otoel,99,1,2024-06-10T03:23:19.000Z,https://universalis.app/market/39463
39464,Green Morning Glories,Fidona Otoel,69,1,2024-06-10T03:23:22.000Z,https://universalis.app/market/39464
39465,Orange Morning Glories,Fidona Otoel,980,1,2024-06-10T03:23:25.000Z,https://universalis.app/market/39465
39466,Purple Morning Glories,Astaralynn Foreshadow,200,1,2024-06-14T15:00:26.000Z,https://universalis.app/market/39466
39467,White Morning Glories,Anri Hastur,1990,1,2024-06-24T01:53:57.000Z,https://universalis.app/market/39467
39468,Black Morning Glories,Fidona Otoel,63,1,2024-06-10T03:23:33.000Z,https://universalis.app/market/39468
39469,Rainbow Morning Glories,Nella Dew,295,1,2024-06-12T19:17:48.000Z,https://universalis.app/market/39469
40687,Red Chrysanthemums,Fidona Otoel,6998,1,2024-06-10T03:23:40.000Z,https://universalis.app/market/40687
40688,Blue Chrysanthemums,Fidona Otoel,1398,1,2024-06-10T03:23:43.000Z,https://universalis.app/market/40688
40689,Yellow Chrysanthemums,Fidona Otoel,250,1,2024-06-10T03:23:46.000Z,https://universalis.app/market/40689
40690,Green Chrysanthemums,Fidona Otoel,249,1,2024-06-10T03:23:49.000Z,https://universalis.app/market/40690
40691,Orange Chrysanthemums,Fidona Otoel,1400,1,2024-06-10T03:23:53.000Z,https://universalis.app/market/40691
40692,Purple Chrysanthemums,Aya Avacyn,599,1,2024-06-20T22:21:28.000Z,https://universalis.app/market/40692
40693,White Chrysanthemums,Fidona Otoel,490,1,2024-06-10T03:24:08.000Z,https://universalis.app/market/40693
40694,Black Chrysanthemums,Fidona Otoel,601,1,2024-06-10T03:24:11.000Z,https://universalis.app/market/40694
40695,Rainbow Chrysanthemum Bouquet,Fidona Otoel,1665,1,2024-06-10T03:24:14.000Z,https://universalis.app/market/40695
41167,White Lupins,Kai Linh,25000,1,2024-07-06T00:40:15.000Z,https://universalis.app/market/41167
43753,Shaaloani Salmon,Daya Shisama,20000,13,2024-07-06T00:57:54.000Z,https://universalis.app/market/43753
43965,Yellow Sunflowers,Devola Noir,70000,1,2024-07-05T21:58:13.000Z,https://universalis.app/market/43965
43969,White Sunflowers,Amelia Day,299999,1,2024-07-01T10:53:16.000Z,https://universalis.app/market/43969
43972,Cooking Mezcal,Kai Linh,60000,3,2024-07-04T21:32:17.000Z,https://universalis.app/market/43972
43973,Ut'ohmu Chili Sauce,Salsa Mai,5545,66,2024-07-03T07:51:17.000Z,https://universalis.app/market/43973
43974,Royal Maple Syrup,Sorocan Sagahl,15000,6,2024-07-03T20:36:14.000Z,https://universalis.app/market/43974
43975,Whipped Cream,Zerka Aeneas,6000,29,2024-07-03T03:08:00.000Z,https://universalis.app/market/43975
43976,Turali Corn Oil,Drogon Zaldrizes',15000,3,2024-07-03T13:54:17.000Z,https://universalis.app/market/43976
43977,Mountain Salt,Tk Wolf,8880,6,2024-07-04T22:46:13.000Z,https://universalis.app/market/43977
43978,Ut'ohmu Tomato,Monka Yes,2399,25,2024-07-02T10:14:13.000Z,https://universalis.app/market/43978
43984,Bell Pepper,Mazo Bazo,3007,18,2024-07-04T20:02:13.000Z,https://universalis.app/market/43984
43985,Yyasulani Garlic,Sin Corazon,5350,1,2024-07-04T18:32:08.000Z,https://universalis.app/market/43985
43986,White Pepper,Job Rufio,10004,1,2024-07-04T20:42:39.000Z,https://universalis.app/market/43986
43987,Mesquite Beans,Shalai Oaks,3997,1,2024-07-05T00:11:05.000Z,https://universalis.app/market/43987
43988,Turali Pineapple,Eve Vesperum,1003,3,2024-07-06T20:09:28.000Z,https://universalis.app/market/43988
43989,Turali Aloe,Lord Baliel,2996,2,2024-07-04T03:59:45.000Z,https://universalis.app/market/43989
43990,Wild Ja Tiika Bananas,T'zensta Raha,5600,56,2024-07-06T19:46:51.000Z,https://universalis.app/market/43990
43997,Mountain Chromite Ingot,Oda Nanami,100014,7,2024-07-04T15:44:57.000Z,https://universalis.app/market/43997
43998,Ruthenium Ingot,Hibari Yukiyume,25000,4,2024-07-03T22:48:34.000Z,https://universalis.app/market/43998
43999,Cobalt Tungsten Ingot,Yumi Yumiko,44000,1,2024-07-06T21:21:16.000Z,https://universalis.app/market/43999
44000,Titanium Gold Nugget,Adam Whiteblood,38000,1,2024-07-05T01:03:30.000Z,https://universalis.app/market/44000
44001,Ra'Kaznar Ingot,Sollis Nexus,49999,1,2024-07-06T05:13:50.000Z,https://universalis.app/market/44001
44008,Lar Ingot,Hana Camus,90001,7,2024-07-03T19:24:26.000Z,https://universalis.app/market/44008
44009,Ihuykanite,Calum Bricklayer,20005,1,2024-07-05T03:37:48.000Z,https://universalis.app/market/44009
44010,Pink Beryl,Venz Mason,28000,1,2024-07-04T23:01:01.000Z,https://universalis.app/market/44010
44011,White Gold Ingot,Normy Tia,22000,5,2024-07-07T00:43:30.000Z,https://universalis.app/market/44011
44012,Black Star,Aeris Kurogane,40000,4,2024-07-06T10:58:27.000Z,https://universalis.app/market/44012
44013,Magnesia Whetstone,Kaos Kontroll,40000,2,2024-07-06T18:00:40.000Z,https://universalis.app/market/44013
44019,Ginseng Lumber,Finwick Shorttail,15500,1,2024-07-05T23:00:55.000Z,https://universalis.app/market/44019
44020,Ceiba Lumber,Kat Lxxii,20000,1,2024-07-03T23:36:23.000Z,https://universalis.app/market/44020
44021,Dark Mahogany Lumber,Shalltear Neku,20000,1,2024-07-05T06:32:12.000Z,https://universalis.app/market/44021
44022,Acacia Lumber,T'amo Tia,25000,6,2024-07-03T05:30:06.000Z,https://universalis.app/market/44022
44023,Claro Walnut Lumber,Zi Iy,50000,2,2024-07-03T20:37:01.000Z,https://universalis.app/market/44023
44029,Snow Cotton Cloth,Sumi Masenn,15000,1,2024-07-03T21:00:56.000Z,https://universalis.app/market/44029
44030,Mountain Linen,Rycic Ceb,30000,6,2024-07-03T23:52:36.000Z,https://universalis.app/market/44030
44031,Sarcenet Cloth,Tk Wolf,29800,10,2024-07-04T16:40:11.000Z,https://universalis.app/market/44031
44032,Rroneek Serge,Kroatoain Midishi,40000,1,2024-07-04T22:05:51.000Z,https://universalis.app/market/44032
44033,Thunderyards Silk,Astragoth Ironhand,38000,1,2024-07-04T00:57:26.000Z,https://universalis.app/market/44033
44034,Yak T'el Spring Water,Genji Shisama,4000,2,2024-07-06T08:30:11.000Z,https://universalis.app/market/44034
44040,Kozama'uka Chamomile,Kai Linh,20000,6,2024-07-04T21:38:40.000Z,https://universalis.app/market/44040
44041,Windsbalm Bay Leaf,Xfer Lysellux,14999,4,2024-06-30T19:32:04.000Z,https://universalis.app/market/44041
44043,Pearl Grass,U'rhoyod Sheqaw,22000000,1,2024-07-06T22:17:00.000Z,https://universalis.app/market/44043
44044,Grade 1 Gemsap of Strength,Ehmi Mhairi,15000,3,2024-07-05T04:38:32.000Z,https://universalis.app/market/44044
44045,Grade 1 Gemsap of Dexterity,Noemi Poitier,40000,2,2024-07-07T01:11:26.000Z,https://universalis.app/market/44045
44046,Grade 1 Gemsap of Vitality,Mholi Purpura,32000,6,2024-07-03T17:30:42.000Z,https://universalis.app/market/44046
44047,Grade 1 Gemsap of Intelligence,Asaina Lyra,10000,2,2024-07-05T00:12:57.000Z,https://universalis.app/market/44047
44048,Grade 1 Gemsap of Mind,Cai Reed,20000,3,2024-07-04T02:31:37.000Z,https://universalis.app/market/44048
44050,Tungsten Ink,Ehmi Mhairi,50006,3,2024-07-03T22:53:38.000Z,https://universalis.app/market/44050
44051,Sanctified Water,Mizuki Hasegawa,25555,27,2024-07-04T20:21:35.000Z,https://universalis.app/market/44051
44058,Silver Lobo Leather,Kai Linh,100005,10,2024-07-04T21:31:29.000Z,https://universalis.app/market/44058
44059,Hammerhead Crocodile Leather,Janis Joppling,40000,1,2024-07-03T19:22:15.000Z,https://universalis.app/market/44059
44060,Br'aax Leather,Z'alith Tia,49999,1,2024-07-07T00:11:50.000Z,https://universalis.app/market/44060
44061,Gomphotherium Leather,Sokobo Rigbarth,49000,1,2024-07-04T03:19:05.000Z,https://universalis.app/market/44061
44062,Gargantua Leather,Scarlet Everfire,46000,1,2024-07-04T04:34:25.000Z,https://universalis.app/market/44062
44063,Alpaca Fillet,Myaka Winterborne,5004,1,2024-07-06T16:48:24.000Z,https://universalis.app/market/44063
44065,Branchbearer Fruit,Thaya Imfield,17000,3,2024-07-03T18:08:45.000Z,https://universalis.app/market/44065
44066,Nopalitender Tuna,Peachy Cakes,10000,3,2024-07-04T00:19:05.000Z,https://universalis.app/market/44066
44069,Lesser Apollyon Shell,Ydaa Minfillia,10005,3,2024-07-04T20:51:52.000Z,https://universalis.app/market/44069
44071,Tumbleclaw Weeds,Avery Bairron,8000,1,2024-07-04T21:50:24.000Z,https://universalis.app/market/44071
44072,Axe Beak Wing,Serena Frost,4997,30,2024-07-04T14:50:03.000Z,https://universalis.app/market/44072
44106,Rroneek Chuck,Ribbon Rr,6479,99,2024-07-04T00:19:22.000Z,https://universalis.app/market/44106
44134,Cherimoya,Daisy Ryuu,5000,12,2024-07-05T04:25:02.000Z,https://universalis.app/market/44134
2617,Sinking Minnow,Punk Trashbandit,2995,5,2024-06-10T01:41:35.000Z,https://universalis.app/market/2617
4564,Antidote,Sofia Atessa,325,3,2024-06-09T21:10:28.000Z,https://universalis.app/market/4564
4751,Mineral Water,Gylbaa Yarborough,200000000,1,2024-06-17T01:23:47.000Z,https://universalis.app/market/4751
4795,Chanterelle,Nikka Megami,100,99,2024-06-10T03:38:59.000Z,https://universalis.app/market/4795
4796,Gil Bun,Nova Vulpecula,2000,20,2024-07-02T19:23:21.000Z,https://universalis.app/market/4796
4814,Blood Currants,Solle Lane,2000,2,2024-06-19T20:37:26.000Z,https://universalis.app/market/4814
4832,Marjoram,Death Metal,199,13,2024-07-06T02:16:23.000Z,https://universalis.app/market/4832
4836,Pearl Ginger,Fox Crowley,700,30,2024-06-10T22:51:40.000Z,https://universalis.app/market/4836
4840,Mugwort,Fukudo Tia,600,30,2024-06-24T03:38:36.000Z,https://universalis.app/market/4840
4886,Blowfish,Corvina Nightingale,500,4,2024-06-16T15:22:33.000Z,https://universalis.app/market/4886
5054,Dart Frog,Chloe Cupcake,948,99,2024-06-16T02:10:53.000Z,https://universalis.app/market/5054
5135,Raw Goshenite,Michiru Rintaro,300,6,2024-06-12T09:19:25.000Z,https://universalis.app/market/5135
5136,Raw Peridot,Map Lock,195,39,2024-06-21T00:24:42.000Z,https://universalis.app/market/5136
5137,Raw Heliodor,Mark Kouhai,301,13,2024-06-21T14:17:39.000Z,https://universalis.app/market/5137
5138,Raw Amethyst,Milena Rei,710,20,2024-06-21T20:39:51.000Z,https://universalis.app/market/5138
5139,Raw Aquamarine,Bowsette Midnight,801,1,2024-06-18T10:41:07.000Z,https://universalis.app/market/5139
5140,Raw Rubellite,Keiko Satomi,748,70,2024-06-19T04:24:40.000Z,https://universalis.app/market/5140
5141,Raw Zircon,Ralcesh Vo'rei,600,26,2024-06-10T05:30:42.000Z,https://universalis.app/market/5141
5142,Raw Tourmaline,Keiko Satomi,501,60,2024-06-20T14:54:35.000Z,https://universalis.app/market/5142
5143,Raw Amber,Mogsy Rose,697,61,2024-06-12T19:27:48.000Z,https://universalis.app/market/5143
5144,Raw Spinel,Star Nova,200,3,2024-06-10T00:09:04.000Z,https://universalis.app/market/5144
5145,Raw Turquoise,Akasha Purrana,750,11,2024-06-11T14:29:37.000Z,https://universalis.app/market/5145
5446,Goobbue Fang,Burii Hotgo,1499,1,2024-06-12T19:13:47.000Z,https://universalis.app/market/5446
5455,Blue Yarzon Leg,Boary Houlder,800,99,2024-06-09T12:11:10.000Z,https://universalis.app/market/5455
5487,Distilled Water,Orianne Absolute,500,7,2024-06-24T03:34:38.000Z,https://universalis.app/market/5487
5495,Viscous Secretions,Louie Howell,130,7,2024-06-20T04:15:37.000Z,https://universalis.app/market/5495
5497,Formic Acid,Ryker Biscuitway,1000,1,2024-06-12T21:48:47.000Z,https://universalis.app/market/5497
5499,Treant Sap,Demonwolf Alkntr,200,1,2024-07-05T09:45:25.000Z,https://universalis.app/market/5499
5502,Lime Sulphur,Motor Troix,3000,1,2024-07-02T20:03:58.000Z,https://universalis.app/market/5502
5518,Rock Salt,Nae Zie,1601,10,2024-06-17T06:04:33.000Z,https://universalis.app/market/5518
5526,Grenade Ash,Boary Houlder,1188,33,2024-06-09T12:24:24.000Z,https://universalis.app/market/5526
5534,Tinolqa Mistletoe,Ariendsis Frost'iall,200,7,2024-06-11T18:54:35.000Z,https://universalis.app/market/5534
5535,Matron's Mistletoe,Samanosuke Akechii,2200,4,2024-06-20T21:17:37.000Z,https://universalis.app/market/5535
5536,Mistletoe,Helmiknok Dadestoryer,599,50,2024-06-14T13:00:12.000Z,https://universalis.app/market/5536
5538,Yellow Ginseng,Sticky Bunns,11,99,2024-06-30T14:10:32.000Z,https://universalis.app/market/5538
5539,Lavender,Becka Bear,3001,5,2024-07-05T10:18:24.000Z,https://universalis.app/market/5539
5541,Belladonna,Dravian Mizuki,300,2,2024-06-14T23:23:36.000Z,https://universalis.app/market/5541
5543,Mandrake,Velliona Leijonamieli,10000,9,2024-06-15T08:41:37.000Z,https://universalis.app/market/5543
5546,Trillium Bulb,Arwen Akagane,1000,1,2024-06-10T21:10:40.000Z,https://universalis.app/market/5546
5548,Red Landtrap Leaf,Ninako Yasu,50,2,2024-06-21T19:14:40.000Z,https://universalis.app/market/5548
5549,Blue Landtrap Leaf,Keiko Satomi,774,99,2024-06-13T21:22:09.000Z,https://universalis.app/market/5549
5550,Puk Wing,Galateia Starstrider,1,13,2024-06-14T00:48:21.000Z,https://universalis.app/market/5550
5551,Bat Wing,Dark Sunshine,1000,2,2024-06-26T03:39:26.000Z,https://universalis.app/market/5551
5552,Imp Wing,Nikka Megami,1,10,2024-06-10T03:35:20.000Z,https://universalis.app/market/5552
5553,Ahriman Wing,Fukudo Tia,4000,1,2024-06-24T01:39:56.000Z,https://universalis.app/market/5553
5554,Morbol Vine,Ryker Biscuitway,1499,1,2024-06-12T21:48:20.000Z,https://universalis.app/market/5554
5556,Jellyfish Cnida,Ophelie Celeste,500,2,2024-07-03T00:27:34.000Z,https://universalis.app/market/5556
5557,Jellyfish Umbrella,Zoro Hawkeye,110,99,2024-06-15T00:27:30.000Z,https://universalis.app/market/5557
5558,Pudding Flesh,Alyaerys Chandler,850,1,2024-06-11T21:48:07.000Z,https://universalis.app/market/5558
5559,Moor Leech,Luna Elara,500,85,2024-06-15T23:34:49.000Z,https://universalis.app/market/5559
5560,Grass Viper,Ophelie Celeste,298,99,2024-07-02T23:26:58.000Z,https://universalis.app/market/5560
5562,Tarantula,Thelanicus Revarion,1000,7,2024-06-23T00:46:45.000Z,https://universalis.app/market/5562
5563,White Scorpion,Rorolai Sasim,75,13,2024-06-13T04:38:25.000Z,https://universalis.app/market/5563
