id,name,buyerName,pricePerUnit,quantity,timestamp,universalisUrl
1602,Bronze Bastard Sword,Fire Afrit,90000000,1,2024-04-24T21:08:55.000Z,https://universalis.app/market/1602
2,Fire Shard,Zex Fangrir,1000,14,2024-05-02T22:22:42.000Z,https://universalis.app/market/2
5,Earth Shard,Blue Nova,600,500,2024-05-08T02:39:20.000Z,https://universalis.app/market/5
5056,Bronze Ingot,Vanilla Yogurt,3999,6,2024-04-30T00:42:29.000Z,https://universalis.app/market/5056
5361,Maple Lumber,Selecia Medeiros,2000,1,2024-04-19T15:18:14.000Z,https://universalis.app/market/5361
5432,Bone Chip,Yui Akira,196,4,2024-04-15T22:52:32.000Z,https://universalis.app/market/5432
1603,Viking Sword,Rajin Belmont,14980,1,2024-04-12T19:45:36.000Z,https://universalis.app/market/1603
5275,Leather,Xeno Oni,198,91,2024-04-23T08:59:03.000Z,https://universalis.app/market/5275
1604,Ash Macuahuitl,Camilla Darkness,999,1,2024-05-05T03:33:14.000Z,https://universalis.app/market/1604
3,Ice Shard,Jaya Folthorne,373,105,2024-04-17T16:26:21.000Z,https://universalis.app/market/3
4,Wind Shard,Blue Nova,5001,100,2024-05-08T02:38:44.000Z,https://universalis.app/market/4
5124,Obsidian,Gigi Orniter,419,15,2024-04-21T20:25:10.000Z,https://universalis.app/market/5124
5364,Ash Lumber,Nagato- Uzumaki,2000,1,2024-04-19T16:14:35.000Z,https://universalis.app/market/5364
1605,Bronze Spatha,Whiffing Shots,7000,1,2024-04-15T04:47:58.000Z,https://universalis.app/market/1605
5276,Hard Leather,Blyssbryda Hyltwyn,10001,64,2024-04-16T11:05:30.000Z,https://universalis.app/market/5276
5434,Ram Horn,Aria Star,900000,1,2024-04-15T12:57:14.000Z,https://universalis.app/market/5434
1607,Brass Bastard Sword,Alina Drajeel,4887,1,2024-04-13T02:11:55.000Z,https://universalis.app/market/1607
5063,Brass Ingot,Koruria Urabon,2000,4,2024-04-20T13:26:56.000Z,https://universalis.app/market/5063
1609,Brass Viking Sword,Harriet Montgomery,10011,1,2024-05-05T22:13:54.000Z,https://universalis.app/market/1609
5277,Aldgoat Leather,Alastor Kaplan,3475,4,2024-04-13T00:18:17.000Z,https://universalis.app/market/5277
1611,Carnage Sword,May Deathcore,1500,1,2024-04-19T01:24:20.000Z,https://universalis.app/market/1611
1614,Iron Shortsword,Kyra Crescent,2016,1,2024-04-16T13:26:12.000Z,https://universalis.app/market/1614
5057,Iron Ingot,Midna Tenebrae,1000000,25,2024-04-21T13:20:22.000Z,https://universalis.app/market/5057
5367,Elm Lumber,Yuki Hart,2000,20,2024-04-16T02:09:48.000Z,https://universalis.app/market/5367
1622,Iron Spatha,Flying Pillow,3000,1,2024-05-07T14:30:56.000Z,https://universalis.app/market/1622
5435,Antelope Horn,Cow King,2000,5,2024-04-14T00:19:02.000Z,https://universalis.app/market/5435
1625,Steel Broadsword,Token Eastwood,16000,1,2024-05-04T23:21:29.000Z,https://universalis.app/market/1625
5058,Steel Ingot,Aubrey Calpurnia,20001,2,2024-04-20T22:08:22.000Z,https://universalis.app/market/5058
5371,Walnut Lumber,Niko Sumi,5000,18,2024-04-17T08:26:13.000Z,https://universalis.app/market/5371
5444,Wolf Fang,Midna Tenebrae,15000,4,2024-04-21T20:15:51.000Z,https://universalis.app/market/5444
1627,Elm Macuahuitl,Caffeine Demon,2800,1,2024-04-23T12:20:17.000Z,https://universalis.app/market/1627
1633,Steel Falchion,Whiffing Shots,29999,1,2024-04-18T02:21:34.000Z,https://universalis.app/market/1633
5260,Siltstone Whetstone,S'rau Vorai,1499,1,2024-04-28T04:12:33.000Z,https://universalis.app/market/5260
1635,Vintage Bastard Sword,Teddi Meadows,7776,1,2024-04-25T00:18:29.000Z,https://universalis.app/market/1635
8,Fire Crystal,An'yeu Er'saed,99,100,2024-04-13T03:42:44.000Z,https://universalis.app/market/8
5259,Mudstone Whetstone,Angel Death,999,11,2024-04-12T04:58:35.000Z,https://universalis.app/market/5259
1637,Walnut Macuahuitl,Jean-paul Frogtre,8500,1,2024-04-30T00:38:49.000Z,https://universalis.app/market/1637
5125,Wyvern Obsidian,A'the Ra'uole,100,15,2024-04-19T20:53:46.000Z,https://universalis.app/market/5125
1639,Steel Longsword,Sophia Z'ee,30000,1,2024-04-23T17:23:42.000Z,https://universalis.app/market/1639
5504,Fish Glue,Whiffing Shots,3800,1,2024-04-13T00:27:58.000Z,https://universalis.app/market/5504
1642,Goblin Scimitar,Frost Wrath,11111,1,2024-04-16T02:12:23.000Z,https://universalis.app/market/1642
1613,Blunt Goblin Scimitar,Aurora Fae,2043,1,2024-04-13T04:42:19.000Z,https://universalis.app/market/1613
1643,Mythril Broadsword,Azura Highwind,50000,1,2024-04-17T16:51:38.000Z,https://universalis.app/market/1643
5065,Mythril Ingot,Ruven Dorsys,2000,1,2024-04-12T05:18:36.000Z,https://universalis.app/market/5065
5373,Oak Lumber,Whiffing Shots,2500,16,2024-04-21T01:24:03.000Z,https://universalis.app/market/5373
1648,Vintage Viking Sword,Storm Nyteweaver,50000,1,2024-05-04T04:40:40.000Z,https://universalis.app/market/1648
11,Earth Crystal,Darwen Ixthania,998,200,2024-04-21T03:49:47.000Z,https://universalis.app/market/11
1616,Nicked Viking Sword,Ashe Fallen,23000,1,2024-04-20T05:44:10.000Z,https://universalis.app/market/1616
1649,Goblin Longsword,Da'triten Sivs,39999,1,2024-04-12T19:38:52.000Z,https://universalis.app/market/1649
1621,Blunt Goblin Longsword,Niamh Eiry,4000,1,2024-04-13T18:41:58.000Z,https://universalis.app/market/1621
5262,Basilisk Whetstone,Pandora Kat,10000,1,2024-04-21T02:58:35.000Z,https://universalis.app/market/5262
1650,Plumed Oak Macuahuitl,Tsugumi Abumin,27900,1,2024-04-18T20:59:57.000Z,https://universalis.app/market/1650
5360,Wildfowl Feather,Dabeler Orias,888,1,2024-05-06T10:55:19.000Z,https://universalis.app/market/5360
1657,Cobalt Katzbalger,Vanessa Stormwind,20000,1,2024-04-15T04:43:12.000Z,https://universalis.app/market/1657
5059,Cobalt Ingot,Ishtar Anastasia,5500,1,2024-04-22T19:12:44.000Z,https://universalis.app/market/5059
5066,Electrum Ingot,Sager Step-on-me,3500,1,2024-05-02T02:28:54.000Z,https://universalis.app/market/5066
5282,Boar Leather,Dabeler Orias,6000,10,2024-04-13T08:50:53.000Z,https://universalis.app/market/5282
1659,Cobalt Shamshir,Vanessa Stormwind,55000,1,2024-04-13T23:37:54.000Z,https://universalis.app/market/1659
5436,Aldgoat Horn,Taco Pizza,500000,1,2024-04-22T22:58:03.000Z,https://universalis.app/market/5436
1663,Cobalt Winglet,Bia Zaz,55000,1,2024-04-14T02:58:21.000Z,https://universalis.app/market/1663
5374,Mahogany Lumber,Kyubey Nei,3500,1,2024-04-14T18:24:55.000Z,https://universalis.app/market/5374
5465,Sunrise Tellin,Alastor Kaplan,1100,10,2024-04-13T21:19:07.000Z,https://universalis.app/market/5465
5505,Horn Glue,Shyrys Lo-thil,11979,9,2024-04-21T03:36:37.000Z,https://universalis.app/market/5505
1666,Giantsgall Longsword,Kurt Wagner,6500,1,2024-04-28T08:13:26.000Z,https://universalis.app/market/1666
18,Lightning Cluster,Retroactive Augury,1000,1,2024-04-19T20:49:14.000Z,https://universalis.app/market/18
19,Water Cluster,Alastor Kaplan,876,100,2024-04-16T23:54:29.000Z,https://universalis.app/market/19
7579,Mossy Stone Sword,Lancelot Niterode,50,1,2024-04-24T10:42:27.000Z,https://universalis.app/market/7579
7620,Diluted Vitriol,Topher Lee,900,2,2024-05-06T01:56:17.000Z,https://universalis.app/market/7620
1670,Aeolian Scimitar,Nymeia Twilight,59900,1,2024-04-28T22:53:50.000Z,https://universalis.app/market/1670
1636,Blunt Aeolian Scimitar,Welsh Barrett,9059,1,2024-04-29T03:18:01.000Z,https://universalis.app/market/1636
5061,Darksteel Nugget,Miller Star,6000,1,2024-05-05T12:12:31.000Z,https://universalis.app/market/5061
1673,Mailbreaker,Reacyn Pogue,2799,1,2024-04-12T02:32:12.000Z,https://universalis.app/market/1673
14,Fire Cluster,Pauline Levista,595,100,2024-04-20T22:52:06.000Z,https://universalis.app/market/14
17,Earth Cluster,Halsy Twpsyn,249,101,2024-04-30T23:16:17.000Z,https://universalis.app/market/17
5068,Rose Gold Nugget,Koruria Urabon,7500,2,2024-05-01T23:35:54.000Z,https://universalis.app/market/5068
5288,Hippogryph Leather,Whiffing Shots,4000,2,2024-04-13T03:59:32.000Z,https://universalis.app/market/5288
5570,Mailbreaker Blade,Lilbit Frisky,1999,1,2024-04-17T21:50:20.000Z,https://universalis.app/market/5570
1681,Bone Hora,Ilnori Lavellan,20000,1,2024-04-28T14:07:18.000Z,https://universalis.app/market/1681
5318,Animal Sinew,Silas Othemaas,400,99,2024-04-22T09:52:34.000Z,https://universalis.app/market/5318
1682,Leather Himantes,Yari Zuko,10000,1,2024-04-12T22:31:50.000Z,https://universalis.app/market/1682
5324,Undyed Hempen Cloth,Wolf Zezia,500,99,2024-05-04T03:05:52.000Z,https://universalis.app/market/5324
1683,Ramhorn Claws,Yuukine Koiyuki,5008,1,2024-04-16T01:33:09.000Z,https://universalis.app/market/1683
1684,Bronze Knuckles,Helmiknok Dadestoryer,9008,1,2024-05-08T20:30:50.000Z,https://universalis.app/market/1684
1685,Hard Leather Himantes,Rajin Belmont,1000,1,2024-04-13T16:34:03.000Z,https://universalis.app/market/1685
1686,Brass Knuckles,Wax-on Wax-off,10019,1,2024-05-06T20:14:21.000Z,https://universalis.app/market/1686
1688,Goatskin Cesti,David Achiever,10000,1,2024-04-14T20:08:10.000Z,https://universalis.app/market/1688
5319,Beast Sinew,Elliot Quinn,296,11,2024-04-18T19:09:24.000Z,https://universalis.app/market/5319
1694,Spiked Knuckles,Oompa Loompah,5000,1,2024-04-13T04:31:06.000Z,https://universalis.app/market/1694
5072,Iron Plate,Luna Lowella,750,1,2024-04-21T11:14:39.000Z,https://universalis.app/market/5072
1697,Toadskin Cesti,Mio Azsvana,4000,1,2024-05-05T08:18:08.000Z,https://universalis.app/market/1697
5280,Toad Leather,Ishtar Anastasia,5000,1,2024-04-13T03:15:55.000Z,https://universalis.app/market/5280
5320,Diremite Sinew,Nerguui Sun,1000,1,2024-04-12T14:11:38.000Z,https://universalis.app/market/5320
1699,Steel Claws,Onigiri Umeboshi,5000,1,2024-04-19T00:22:45.000Z,https://universalis.app/market/1699
5073,Steel Plate,David Cal,1500,8,2024-05-03T15:13:20.000Z,https://universalis.app/market/5073
1706,Crabshell Hora,Asano Rahl-majere,27999,1,2024-04-15T03:35:06.000Z,https://universalis.app/market/1706
5321,Hippogryph Sinew,Staxyn Vardena,6000,2,2024-04-29T06:52:45.000Z,https://universalis.app/market/5321
5456,Green Megalocrab Shell,Elias Wolfrun,295,2,2024-04-14T04:52:47.000Z,https://universalis.app/market/5456
1708,Boarskin Himantes,Asano Rahl-majere,25000,1,2024-04-21T21:06:50.000Z,https://universalis.app/market/1708
1711,Mythril Claws,Oompa Loompah,20000,1,2024-04-19T05:18:43.000Z,https://universalis.app/market/1711
5079,Mythril Plate,Junko Desbear,9999,2,2024-04-23T22:27:11.000Z,https://universalis.app/market/5079
1716,Tortoiseshell Hora,Tanius Aurelius,9999,1,2024-04-15T02:23:46.000Z,https://universalis.app/market/1716
5322,Raptor Sinew,Chito Yuuri,7006,4,2024-04-20T20:18:27.000Z,https://universalis.app/market/5322
5458,Adamantoise Shell,Chururu Churu,95,1,2024-05-05T13:32:48.000Z,https://universalis.app/market/5458
1723,Cobalt Knuckles,Stuff Co,55554,1,2024-04-17T22:47:31.000Z,https://universalis.app/market/1723
1728,Peisteskin Cesti,Ithuriel Arashi,5092,1,2024-04-17T03:41:30.000Z,https://universalis.app/market/1728
5284,Peiste Leather,Dandy Mochi,5000,1,2024-04-19T18:39:34.000Z,https://universalis.app/market/5284
1732,Vintage Hora,Itaka Lua,2500,1,2024-04-21T17:59:43.000Z,https://universalis.app/market/1732
1701,Chipped Hora,Becca Rozenaria,595,1,2024-04-15T01:06:32.000Z,https://universalis.app/market/1701
5285,Raptor Leather,Wizard Rat,800,1,2024-04-13T08:17:01.000Z,https://universalis.app/market/5285
1733,Cobalt Claws,Xyvyra Liadon,20000,1,2024-04-26T01:45:31.000Z,https://universalis.app/market/1733
5074,Cobalt Plate,Kali Virac,8000,2,2024-04-29T23:30:13.000Z,https://universalis.app/market/5074
7581,Mossy Stone Claws,Lancelot Niterode,21,1,2024-04-24T10:42:51.000Z,https://universalis.app/market/7581
1740,Wildling's Cesti,Lore Amicitia,59699,1,2024-04-23T03:22:55.000Z,https://universalis.app/market/1740
10,Wind Crystal,Darwen Ixthania,998,200,2024-04-21T03:49:57.000Z,https://universalis.app/market/10
5567,Bloody Cesti Covers,Didrianna Winterset,1900,1,2024-04-12T01:53:23.000Z,https://universalis.app/market/5567
1743,Avengers,Syl Veon,4099,1,2024-04-18T02:05:31.000Z,https://universalis.app/market/1743
5378,Spruce Lumber,Two Ee,9999,3,2024-04-27T18:20:44.000Z,https://universalis.app/market/5378
5571,Avenger Grips,Eleanor Watabe,1222,2,2024-05-06T06:18:37.000Z,https://universalis.app/market/5571
1750,Bronze War Axe,Zodliath Dru,2005,1,2024-05-05T17:34:42.000Z,https://universalis.app/market/1750
1751,Bronze Labrys,Yari Zuko,2095,1,2024-04-12T22:30:59.000Z,https://universalis.app/market/1751
1752,Cloud Axe,Minako Oniyuki,5008,1,2024-04-26T07:02:06.000Z,https://universalis.app/market/1752
1753,Spiked Bronze Labrys,Crayola Knight,18000,1,2024-04-30T05:11:41.000Z,https://universalis.app/market/1753
1754,Iron War Axe,Lilly Ariti,5013,1,2024-04-17T20:33:38.000Z,https://universalis.app/market/1754
1756,Iron Labrys,Smarr Tungus,9016,1,2024-04-18T03:17:57.000Z,https://universalis.app/market/1756
1758,Inferno Axe,Choco Muffin,7017,1,2024-04-25T06:44:58.000Z,https://universalis.app/market/1758
1764,Iron Bill,Esther Keshet,10000,1,2024-04-19T07:00:39.000Z,https://universalis.app/market/1764
4856,Clove Oil,Ri Rii,500,3,2024-04-28T17:25:15.000Z,https://universalis.app/market/4856
5368,Yew Lumber,Rathkor Ferriger,5000,25,2024-04-13T21:03:51.000Z,https://universalis.app/market/5368
1766,Thunderstorm Axe,Kaden Col,10000,1,2024-04-23T22:42:50.000Z,https://universalis.app/market/1766
5064,Silver Ingot,Sally O'jackson,4000,1,2024-04-14T00:18:00.000Z,https://universalis.app/market/5064
1769,Spiked Steel Labrys,Teddi Meadows,5000,1,2024-05-03T02:35:39.000Z,https://universalis.app/market/1769
1776,Steel Bardiche,Raijin Kata,10000,1,2024-04-27T23:30:30.000Z,https://universalis.app/market/1776
5405,Yew Branch,Vioielle Vremaix,1000,5,2024-04-20T04:14:21.000Z,https://universalis.app/market/5405
1778,Steel Bhuj,Morgan Morgan,58000,1,2024-05-05T23:41:07.000Z,https://universalis.app/market/1778
1781,Spiked Mythril Labrys,Aidan Caldwell,50000,1,2024-05-04T22:00:50.000Z,https://universalis.app/market/1781
1786,Mythril Bhuj,Elara Ricsteel,30000,1,2024-05-03T17:11:18.000Z,https://universalis.app/market/1786
1796,Buccaneer's Bardiche,Bia Zaz,55000,1,2024-04-14T02:49:42.000Z,https://universalis.app/market/1796
5414,Rosewood Branch,Mint Forsythia,1000,10,2024-04-15T20:36:10.000Z,https://universalis.app/market/5414
1800,Vintage Bill,Sunbear Valace,20000,1,2024-04-22T06:04:35.000Z,https://universalis.app/market/1800
1801,Demilune Bhuj,Anhur Xb,20000,1,2024-04-28T17:35:54.000Z,https://universalis.app/market/1801
5196,Jadeite,Raven Shadowmist,5000,1,2024-04-25T20:00:47.000Z,https://universalis.app/market/5196
1803,Spiked Cobalt Labrys,Koznhevikova Teralind,40000,1,2024-04-16T04:42:16.000Z,https://universalis.app/market/1803
5376,Rosewood Lumber,Sadus Tegg,4200,20,2024-04-27T01:27:46.000Z,https://universalis.app/market/5376
1806,Giantsgall War Axe,Nevi Lunarius,6497,1,2024-04-17T21:05:49.000Z,https://universalis.app/market/1806
7580,Mossy Stone Axe,Lancelot Niterode,21,1,2024-04-24T10:42:33.000Z,https://universalis.app/market/7580
1810,Barbarian's Bardiche,Kazuma Satou,89689,1,2024-04-14T02:24:32.000Z,https://universalis.app/market/1810
5566,Bloody Bardiche Head,Ahri Mako,1968,1,2024-04-14T06:09:53.000Z,https://universalis.app/market/5566
1813,Rampager,Aldfrith Heath,4499,1,2024-04-25T23:09:49.000Z,https://universalis.app/market/1813
5075,Darksteel Plate,Jace Amano,5002,1,2024-05-02T01:09:32.000Z,https://universalis.app/market/5075
5572,Rampager Head,Didrianna Winterset,2000,2,2024-04-13T00:15:23.000Z,https://universalis.app/market/5572
1820,Bone Harpoon,Ziddi Untier,2400,1,2024-04-12T23:14:20.000Z,https://universalis.app/market/1820
5503,Animal Glue,Silas Othemaas,150,1,2024-04-21T12:48:16.000Z,https://universalis.app/market/5503
1821,Bronze Spear,Gwell Moko,3006,1,2024-04-26T08:03:49.000Z,https://universalis.app/market/1821
5482,Fish Oil,Rajin Belmont,3000,1,2024-04-12T19:39:26.000Z,https://universalis.app/market/5482
1822,Ramhorn Harpoon,Ruven Dorsys,10000,1,2024-04-12T02:57:14.000Z,https://universalis.app/market/1822
1823,Feathered Harpoon,Eliza Hurst,4990,1,2024-04-25T21:19:23.000Z,https://universalis.app/market/1823
5352,Crow Feather,Mad Souls,492,20,2024-04-13T05:15:13.000Z,https://universalis.app/market/5352
5433,Soiled Femur,Sky Eclipse,469,3,2024-04-29T23:51:27.000Z,https://universalis.app/market/5433
1824,Brass Spear,Rajin Belmont,250,1,2024-04-15T16:56:51.000Z,https://universalis.app/market/1824
1825,Iron Spear,Asano Rahl-majere,5014,1,2024-04-15T00:33:54.000Z,https://universalis.app/market/1825
1827,Iron Lance,Meteor Stars,8000,1,2024-05-05T04:24:53.000Z,https://universalis.app/market/1827
1833,Iron Guisarme,Yuki Oda,14000,1,2024-04-14T10:38:50.000Z,https://universalis.app/market/1833
1836,Silver Battle Fork,Xpork Chopx,10000,1,2024-05-08T04:00:32.000Z,https://universalis.app/market/1836
5484,Crab Oil,Mystery Highwind,9999,60,2024-04-22T11:52:58.000Z,https://universalis.app/market/5484
1838,Steel Halberd,Tsugumi Abumin,9000,1,2024-04-12T22:02:43.000Z,https://universalis.app/market/1838
1845,Steel Spear,Jean-paul Frogtre,16000,1,2024-04-28T00:09:12.000Z,https://universalis.app/market/1845
1847,Heavy Steel Lance,Andromeda Arknes,16998,1,2024-04-23T20:44:36.000Z,https://universalis.app/market/1847
1850,Yarzonshell Harpoon,Shi Chimi,36360,1,2024-05-01T14:59:47.000Z,https://universalis.app/market/1850
5454,Yellow Yarzon Leg,Kioko Shiro,900,3,2024-04-27T21:26:36.000Z,https://universalis.app/market/5454
1855,Mythril Lance,Keyoh Kizonami,20000,1,2024-04-12T20:01:52.000Z,https://universalis.app/market/1855
1862,Cobalt Halberd,Eva Frost,38069,1,2024-04-24T04:32:19.000Z,https://universalis.app/market/1862
1867,Cobalt Trident,Lost Mans,30000,1,2024-04-14T16:11:49.000Z,https://universalis.app/market/1867
5486,Shark Oil,Vermillion Star,10500,1,2024-04-24T03:49:49.000Z,https://universalis.app/market/5486
1871,Vintage Guisarme,Darekin Cloudbearer,9980,1,2024-04-14T00:14:29.000Z,https://universalis.app/market/1871
9,Ice Crystal,Waynhim Vilesdottir,90,5,2024-04-23T21:31:23.000Z,https://universalis.app/market/9
1840,Crooked Guisarme,Dobar Allocen,1998,1,2024-04-15T02:25:03.000Z,https://universalis.app/market/1840
1872,Hart Guisarme,Elva Paradyne,20000,1,2024-04-13T22:39:07.000Z,https://universalis.app/market/1872
1875,Giantsgall Trident,Joojoo Bee,2798,1,2024-04-27T18:56:16.000Z,https://universalis.app/market/1875
7582,Mossy Stone Spear,Lancelot Niterode,21,1,2024-04-24T10:43:26.000Z,https://universalis.app/market/7582
1879,Champion's Lance,Kamme Haaaa,99764,1,2024-04-14T00:39:05.000Z,https://universalis.app/market/1879
5565,Bloody Lance Head,Neo Cadenza,94998,1,2024-05-02T21:38:33.000Z,https://universalis.app/market/5565
1882,Obelisk,Hope Shepard,2423,1,2024-04-24T22:23:48.000Z,https://universalis.app/market/1882
5573,Obelisk Head,Didrianna Winterset,1499,2,2024-04-12T01:54:06.000Z,https://universalis.app/market/5573
1891,Maple Shortbow,Shiyo Takao,5005,1,2024-04-22T23:06:02.000Z,https://universalis.app/market/1891
5333,Hempen Yarn,Kohaku Miura,19,2,2024-05-05T18:33:28.000Z,https://universalis.app/market/5333
1892,Maple Longbow,Shiyo Takao,2000,1,2024-04-24T09:28:33.000Z,https://universalis.app/market/1892
5396,Maple Branch,Sycella Morning,499,99,2024-04-28T18:19:34.000Z,https://universalis.app/market/5396
1893,Plumed Maple Shortbow,Sirrion Dragonfang,100,1,2024-04-21T02:20:03.000Z,https://universalis.app/market/1893
5351,Cock Feather,Billy Bum,500,6,2024-05-08T23:11:10.000Z,https://universalis.app/market/5351
1894,Wrapped Maple Longbow,Asano Rahl-majere,250,1,2024-04-14T02:50:04.000Z,https://universalis.app/market/1894
5402,Ash Branch,Arifa Norphine,1000,7,2024-04-13T01:08:58.000Z,https://universalis.app/market/5402
1895,Ash Shortbow,Ferrous Arodica,10000,1,2024-05-05T01:22:20.000Z,https://universalis.app/market/1895
1897,Elm Longbow,Lailah Lamassu,8500,1,2024-04-17T01:31:47.000Z,https://universalis.app/market/1897
5334,Cotton Yarn,Chocola Jerrington,700,1,2024-05-05T06:21:58.000Z,https://universalis.app/market/5334
1899,Elm Velocity Bow,Lucif Wastix,2000,1,2024-05-01T19:12:00.000Z,https://universalis.app/market/1899
1905,Wrapped Elm Longbow,Torigae Ragara,5029,1,2024-04-15T20:41:23.000Z,https://universalis.app/market/1905
1908,Ash Composite Bow,Frantic Taco,22000,1,2024-04-22T20:53:27.000Z,https://universalis.app/market/1908
1915,Ash Cavalry Bow,Maiya Kusakari,35357,1,2024-04-22T15:27:40.000Z,https://universalis.app/market/1915
5409,Oak Branch,Andromeda Valerius,1000,1,2024-04-29T00:58:35.000Z,https://universalis.app/market/5409
1917,Oak Longbow,Eramus Larkstin,55555,1,2024-04-16T00:51:06.000Z,https://universalis.app/market/1917
5336,Linen Yarn,Viz I',7000,1,2024-04-29T21:28:30.000Z,https://universalis.app/market/5336
1920,Mythril Cavalry Bow,Seph Triste,50000,1,2024-05-04T05:45:11.000Z,https://universalis.app/market/1920
1925,Oak Composite Bow,Seryona Ghrimwyn,55555,1,2024-04-13T22:03:12.000Z,https://universalis.app/market/1925
1932,Cobalt Cavalry Bow,Anhur Xb,20500,1,2024-04-14T02:23:14.000Z,https://universalis.app/market/1932
1937,Yew Longbow,Hummus Enjoyer,45069,1,2024-05-02T16:22:10.000Z,https://universalis.app/market/1937
1941,Vintage Bow,Dardar Binks,7500,1,2024-04-22T00:50:57.000Z,https://universalis.app/market/1941
1910,Warped Bow,Rivv Amolen,14000,1,2024-04-13T22:24:12.000Z,https://universalis.app/market/1910
1942,Crab Bow,Eve Rorru,55555,1,2024-04-23T18:51:38.000Z,https://universalis.app/market/1942
5462,Red Coral,Hawaiian Punch,7500,1,2024-04-20T09:26:59.000Z,https://universalis.app/market/5462
1945,Giantsgall Longbow,Amy Alexandria,2069,1,2024-04-22T03:13:27.000Z,https://universalis.app/market/1945
7583,Mossy Stone Bow,Raf Al,234,1,2024-04-27T17:32:47.000Z,https://universalis.app/market/7583
1949,Longarm's Composite Bow,Aspen Starflare,99800,1,2024-04-25T05:24:57.000Z,https://universalis.app/market/1949
5568,Bloody Bow Rim,Aisha Inohwa,4000,1,2024-04-15T19:58:28.000Z,https://universalis.app/market/5568
1953,Sarnga,Shuffle Truffle,1724,1,2024-05-06T04:58:57.000Z,https://universalis.app/market/1953
15,Ice Cluster,Taco Pizza,46,1994,2024-04-15T16:43:36.000Z,https://universalis.app/market/15
16,Wind Cluster,Posty Maloney,898,100,2024-04-14T00:44:31.000Z,https://universalis.app/market/16
5574,Sarnga Limb,Chile Mango,4999,1,2024-05-07T20:34:30.000Z,https://universalis.app/market/5574
1958,Maple Wand,Zero Silvermile,100000,1,2024-04-13T07:00:06.000Z,https://universalis.app/market/1958
6,Lightning Shard,Flying Pillow,895,100,2024-05-08T07:35:21.000Z,https://universalis.app/market/6
7,Water Shard,Blue Nova,1000,208,2024-05-08T02:40:30.000Z,https://universalis.app/market/7
5470,Growth Formula Alpha,Logan Black,850,1,2024-04-27T18:50:25.000Z,https://universalis.app/market/5470
1959,Whispering Maple Wand,Zee Roe,10000,1,2024-05-02T02:13:51.000Z,https://universalis.app/market/1959
1960,Budding Maple Wand,Crayola Knight,10000,1,2024-04-29T03:08:48.000Z,https://universalis.app/market/1960
5492,Beastkin Blood,Evelynn Lucivarian,3500000,1,2024-04-27T21:39:05.000Z,https://universalis.app/market/5492
1961,Ash Wand,Harriet Montgomery,30009,1,2024-04-21T05:57:59.000Z,https://universalis.app/market/1961
5471,Growth Formula Beta,Vii Riis,6000,10,2024-04-15T00:17:50.000Z,https://universalis.app/market/5471
1963,Budding Ash Wand,Gin Kaneko,5015,1,2024-04-21T01:00:25.000Z,https://universalis.app/market/1963
1965,Whispering Ash Wand,Khalit Ugunda,10000,1,2024-04-17T18:02:59.000Z,https://universalis.app/market/1965
5493,Scalekin Blood,Ysa Maure,2000000,1,2024-05-04T18:36:09.000Z,https://universalis.app/market/5493
1967,Yew Wand,Thick Dreams,49930,1,2024-04-19T00:08:17.000Z,https://universalis.app/market/1967
1969,Budding Yew Wand,Ishtar Anastasia,3000,1,2024-04-28T19:32:48.000Z,https://universalis.app/market/1969
1971,Budding Oak Wand,Seryona Ghrimwyn,50000,1,2024-04-13T20:33:58.000Z,https://universalis.app/market/1971
4603,Hi-Potion of Mind,Ghost Edinburgh,500,1,2024-04-14T11:10:57.000Z,https://universalis.app/market/4603
1974,Wand of Frost,Chesty Manestie,20000,1,2024-04-28T22:59:24.000Z,https://universalis.app/market/1974
5199,Eye of Ice,Karasu Gremory,999,1,2024-04-25T23:33:40.000Z,https://universalis.app/market/5199
5472,Growth Formula Gamma,Sarinthia Em,7400,4,2024-04-14T16:04:29.000Z,https://universalis.app/market/5472
1976,Wand of Tremors,Gideon Wolford,20000,1,2024-04-19T23:00:53.000Z,https://universalis.app/market/1976
5201,Eye of Earth,Nella Candlewick,1000,1,2024-04-25T00:10:43.000Z,https://universalis.app/market/5201
1978,Wand of Tides,Jeranis Liran,40000,1,2024-04-14T17:02:48.000Z,https://universalis.app/market/1978
5203,Eye of Water,Rumiriel Utereus,55,1,2024-05-01T19:37:53.000Z,https://universalis.app/market/5203
1981,Wand of Flames,Vonosten Asuka,4500,1,2024-05-08T22:44:35.000Z,https://universalis.app/market/1981
5198,Eye of Fire,Ishtar Anastasia,15000,1,2024-04-20T19:22:47.000Z,https://universalis.app/market/5198
1983,Wand of Gales,Syl Myn,10000,1,2024-04-17T20:58:03.000Z,https://universalis.app/market/1983
5200,Eye of Wind,Tio Tot,420,1,2024-05-08T21:35:32.000Z,https://universalis.app/market/5200
1985,Wand of Storms,Altemys Theldry,1000,1,2024-04-20T04:14:40.000Z,https://universalis.app/market/1985
5202,Eye of Lightning,Omni Terasu,50,1,2024-04-24T21:00:45.000Z,https://universalis.app/market/5202
1987,Budding Rosewood Wand,Yuyumuko Sesemuko,39084,1,2024-04-12T19:20:47.000Z,https://universalis.app/market/1987
4608,Mega-Potion of Mind,Vii Riis,8000,1,2024-04-16T04:45:26.000Z,https://universalis.app/market/4608
5494,Spoken Blood,Vii Riis,10000,2,2024-04-15T00:53:54.000Z,https://universalis.app/market/5494
1996,Maple Cane,Nawdie D'fun,13000,1,2024-04-27T00:58:38.000Z,https://universalis.app/market/1996
1997,Maple Crook,Aleister Wrynn,1200,1,2024-05-01T14:52:43.000Z,https://universalis.app/market/1997
1998,Ash Radical,Cedar Point,600,1,2024-05-02T22:08:56.000Z,https://universalis.app/market/1998
2000,Elm Cane,Vesper Bae,2015,1,2024-04-23T20:39:15.000Z,https://universalis.app/market/2000
2002,Elm Crook,Esther Keshet,239,1,2024-04-25T07:57:18.000Z,https://universalis.app/market/2002
2004,Yew Radical,Kanibal Klown,10000,1,2024-04-21T02:12:53.000Z,https://universalis.app/market/2004
2010,Pastoral Yew Cane,Aethos Lamia,946,1,2024-04-22T13:18:11.000Z,https://universalis.app/market/2010
2011,Yew Crook,Ten Chi,4781,1,2024-05-01T01:17:19.000Z,https://universalis.app/market/2011
2015,Walnut Cane,Muzzle Drool,22000,1,2024-04-14T07:30:18.000Z,https://universalis.app/market/2015
2021,Plumed Yew Crook,Ryukuzo Wintersoul,5051,1,2024-05-08T00:15:16.000Z,https://universalis.app/market/2021
2023,Oak Radical,Bayarmaa Kha-rouge,12000,1,2024-04-12T23:55:09.000Z,https://universalis.app/market/2023
2026,Pastoral Oak Cane,Seph Triste,50000,1,2024-05-04T05:12:31.000Z,https://universalis.app/market/2026
2030,Sprouting Rosewood Radical,Yvaine Rosamilia,22996,1,2024-04-18T16:16:06.000Z,https://universalis.app/market/2030
2039,Jade Crook,Compsci Major,52999,1,2024-05-05T23:17:32.000Z,https://universalis.app/market/2039
2041,Vintage Cane,Ritsu Ishida,20000,1,2024-04-17T20:43:03.000Z,https://universalis.app/market/2041
2014,Splintered Cane,Dobar Allocen,2000,1,2024-04-15T02:05:28.000Z,https://universalis.app/market/2014
2044,Pastoral Mahogany Cane,Tera Belle,2500,1,2024-04-17T02:03:34.000Z,https://universalis.app/market/2044
5335,Dew Thread,Wolf Zezia,4000,5,2024-05-04T04:34:40.000Z,https://universalis.app/market/5335
2047,Tane Mahuta,Sun Wu'kong,29000,1,2024-04-18T04:10:32.000Z,https://universalis.app/market/2047
5555,Ochu Vine,Risty Ana,1500,1,2024-04-23T14:55:37.000Z,https://universalis.app/market/5555
2048,Giantsgall Cane,Smooth Cola,3999,1,2024-05-08T19:37:30.000Z,https://universalis.app/market/2048
7585,Mossy Stone Rod,Raf Al,71,2,2024-04-27T17:33:05.000Z,https://universalis.app/market/7585
2049,Madman's Whispering Rod,Azazel Blaze,69767,1,2024-04-13T22:02:17.000Z,https://universalis.app/market/2049
12,Lightning Crystal,Viola Tiberus,998,200,2024-05-05T17:31:26.000Z,https://universalis.app/market/12
13,Water Crystal,Eji Mika,175,55,2024-04-18T10:55:05.000Z,https://universalis.app/market/13
5473,Growth Formula Delta,Kiiro Tenshi,5000,1,2024-04-21T04:45:01.000Z,https://universalis.app/market/5473
5537,Thavnairian Mistletoe,Conner Macleod,901,12,2024-04-29T17:50:31.000Z,https://universalis.app/market/5537
5547,Vampire Plant,June Mist,101,9,2024-04-29T04:34:00.000Z,https://universalis.app/market/5547
2051,Alkalurops,Sazu Velgr,1499,1,2024-04-21T18:02:06.000Z,https://universalis.app/market/2051
5575,Suspended Trillium Flower,Roxcine Saebir,2021,1,2024-04-15T12:55:03.000Z,https://universalis.app/market/5575
2056,Bone Brand,Dazaii Osamu,2000,1,2024-04-23T12:42:51.000Z,https://universalis.app/market/2056
5197,Marbled Eye,My Mirage,265,9,2024-04-30T21:38:42.000Z,https://universalis.app/market/5197
2057,Copper Scepter,Chiull Malqir,5000,1,2024-05-01T14:17:18.000Z,https://universalis.app/market/2057
5062,Copper Ingot,Pondering Priv,1000,4,2024-04-15T11:09:08.000Z,https://universalis.app/market/5062
2058,Bronze Scepter,Nawdie D'fun,2000,1,2024-04-30T22:41:16.000Z,https://universalis.app/market/2058
2059,Brass Cudgel,Rei Ketsuna,500,1,2024-04-20T01:44:13.000Z,https://universalis.app/market/2059
2061,Decorated Copper Scepter,T'erra Branford,5011,1,2024-04-19T02:44:05.000Z,https://universalis.app/market/2061
5258,Ragstone Whetstone,Kisor Kurantilius,350,1,2024-04-29T20:42:59.000Z,https://universalis.app/market/5258
2063,Wind Brand,Tsugumi Abumin,17980,1,2024-04-12T22:02:59.000Z,https://universalis.app/market/2063
2066,Ice Brand,Solars Eclipse,4000,1,2024-04-16T09:31:55.000Z,https://universalis.app/market/2066
2069,Silver Scepter,Jpeg Wes,5000,1,2024-04-21T03:38:32.000Z,https://universalis.app/market/2069
5527,Brimstone,Kohaku Miura,1111,6,2024-05-09T00:25:49.000Z,https://universalis.app/market/5527
2071,Earth Brand,Morgana Vairemont,26000,1,2024-05-02T16:54:15.000Z,https://universalis.app/market/2071
2076,Decorated Silver Scepter,Tatsu Rokkaku,1000,1,2024-05-03T02:08:38.000Z,https://universalis.app/market/2076
2078,Fire Brand,Daria Durami,55555,1,2024-04-21T05:07:44.000Z,https://universalis.app/market/2078
2083,Lightning Brand,Sottomessa Kitten,5000,1,2024-04-13T13:14:10.000Z,https://universalis.app/market/2083
2088,Electrum Scepter,Althea Kil'vin,9979,1,2024-04-15T01:26:21.000Z,https://universalis.app/market/2088
5489,Quicksilver,Punished Demon,10002,1,2024-04-24T01:00:17.000Z,https://universalis.app/market/5489
2093,Vintage Cudgel,Eoleo Volechek,7777,1,2024-04-23T06:50:25.000Z,https://universalis.app/market/2093
5092,Iron Rivets,Kaius Voidheart,1200,1,2024-04-21T00:35:59.000Z,https://universalis.app/market/5092
2094,Water Brand,Torigae Ragara,4997,1,2024-04-24T20:27:18.000Z,https://universalis.app/market/2094
2097,Jade Scepter,Syl Myn,2997,1,2024-04-17T20:58:12.000Z,https://universalis.app/market/2097
5168,Jade,Gwell Moko,945,3,2024-04-19T06:42:12.000Z,https://universalis.app/market/5168
5439,Ogre Horn,Vimnae Amortune,49,1,2024-05-01T00:07:28.000Z,https://universalis.app/market/5439
2102,Sanguine Scepter,Kaia Hathaway,99699,1,2024-04-18T01:37:15.000Z,https://universalis.app/market/2102
5206,Pinprick Pebble,Gestald Coalbrack,99,1,2024-04-25T06:04:18.000Z,https://universalis.app/market/5206
2106,Bone Staff,Wax-on Wax-off,1200,1,2024-05-01T20:06:22.000Z,https://universalis.app/market/2106
2107,Ramhorn Staff,Skii Whisks,1106,1,2024-04-15T19:55:43.000Z,https://universalis.app/market/2107
2108,Decorated Bone Staff,Asteon Vaerzel,999,1,2024-04-28T03:50:31.000Z,https://universalis.app/market/2108
5442,Bat Fang,Logan Black,375,1,2024-04-28T20:32:26.000Z,https://universalis.app/market/5442
2109,Toothed Ramhorn Staff,Barnabas Lasbrot,2000,1,2024-04-16T06:02:16.000Z,https://universalis.app/market/2109
2111,Staghorn Staff,Nuala Maani,23500,1,2024-04-24T00:05:43.000Z,https://universalis.app/market/2111
2116,Sanguine Horn Staff,Darkskies Zero,2189,1,2024-04-20T17:09:26.000Z,https://universalis.app/market/2116
2118,Toothed Staghorn Staff,Star Eater,531,1,2024-05-06T00:29:23.000Z,https://universalis.app/market/2118
2123,Toothed Goathorn Staff,Kagome Leonheart,10000,1,2024-04-27T19:56:06.000Z,https://universalis.app/market/2123
2125,Horn Staff,Kali Virac,54444,1,2024-04-15T08:40:25.000Z,https://universalis.app/market/2125
2130,Black Horn Staff,Itsune Tsurugi,4499,1,2024-04-27T23:04:59.000Z,https://universalis.app/market/2130
2133,Ivory Staff,Layla Valtin,40000,1,2024-04-14T07:14:35.000Z,https://universalis.app/market/2133
2136,Giantsgall Longstaff,Maximilien Lamar,3448,1,2024-04-13T14:54:59.000Z,https://universalis.app/market/2136
7584,Mossy Stone Staff,Raf Al,101,1,2024-04-27T17:32:59.000Z,https://universalis.app/market/7584
2139,Astrolabe,Luquin Mogglesguard,3199,1,2024-04-16T23:08:16.000Z,https://universalis.app/market/2139
5576,Astrolabe Clinometer,Didrianna Winterset,2000,2,2024-04-13T00:15:38.000Z,https://universalis.app/market/5576
2143,Leather Grimoire,Cedar Point,35000,1,2024-05-02T22:29:14.000Z,https://universalis.app/market/2143
5380,Maple Log,Chives Mortimus,999,7,2024-04-16T23:55:32.000Z,https://universalis.app/market/5380
5475,Enchanted Copper Ink,Kaja R'hel,9,1,2024-04-28T23:48:33.000Z,https://universalis.app/market/5475
2144,Maple Picatrix,Ten Chi,10000,1,2024-05-01T01:19:57.000Z,https://universalis.app/market/2144
2145,Engraved Leather Grimoire,Corrupted Mrbiggs,5008,1,2024-04-20T20:43:24.000Z,https://universalis.app/market/2145
5383,Ash Log,Sunshine Day,1500,1,2024-04-12T17:09:59.000Z,https://universalis.app/market/5383
2146,Ash Picatrix,Zero Silvermile,200000,1,2024-04-14T03:21:36.000Z,https://universalis.app/market/2146
2147,Hard Leather Grimoire,Doctah Mojo,9011,1,2024-04-12T02:34:03.000Z,https://universalis.app/market/2147
5385,Elm Log,Sarinthia Em,1100,19,2024-04-14T11:40:08.000Z,https://universalis.app/market/5385
5476,Enchanted Iron Ink,Sycella Morning,992,2,2024-04-28T22:00:59.000Z,https://universalis.app/market/5476
2149,Engraved Hard Leather Grimoire,Wizard Rat,8000,1,2024-04-13T17:51:23.000Z,https://universalis.app/market/2149
5386,Yew Log,Archangel Azryil,500,51,2024-04-17T19:53:02.000Z,https://universalis.app/market/5386
2151,Yew Picatrix,Jeranis Liran,20024,1,2024-04-30T15:23:07.000Z,https://universalis.app/market/2151
2156,Goatskin Grimoire,Aspen Winterfield,51035,1,2024-04-21T19:13:10.000Z,https://universalis.app/market/2156
5477,Enchanted Silver Ink,Fingolfin Nolofinwe,4849,1,2024-05-02T00:54:29.000Z,https://universalis.app/market/5477
2160,Engraved Goatskin Grimoire,Laxus Dreya,5000,1,2024-04-27T02:30:01.000Z,https://universalis.app/market/2160
5388,Walnut Log,Arson Phantom,500,10,2024-05-05T02:36:02.000Z,https://universalis.app/market/5388
2166,Book of Silver,Lilly Ariti,6000,1,2024-04-14T20:18:49.000Z,https://universalis.app/market/2166
5390,Oak Log,Archangel Azryil,424,45,2024-04-16T02:53:51.000Z,https://universalis.app/market/5390
2169,Embossed Book of Silver,Zano Mcgee,20000,1,2024-04-13T03:49:26.000Z,https://universalis.app/market/2169
2174,Book of Mythril,Elva Paradyne,25000,1,2024-04-13T02:38:45.000Z,https://universalis.app/market/2174
5346,Flax,Sophia Z'ee,499,99,2024-04-23T16:25:54.000Z,https://universalis.app/market/5346
5478,Enchanted Mythril Ink,Fingolfin Nolofinwe,645,3,2024-05-02T01:01:02.000Z,https://universalis.app/market/5478
2184,Vintage Picatrix,Rhela Lanbatal,24999,1,2024-04-25T04:05:43.000Z,https://universalis.app/market/2184
2158,Brittle Picatrix,Eji Mika,14740,1,2024-04-20T02:14:12.000Z,https://universalis.app/market/2158
2185,Book of Electrum,Valhalla Xernas,11500,1,2024-04-19T02:20:44.000Z,https://universalis.app/market/2185
5337,Woolen Yarn,Luna Elara,4599,1,2024-04-23T21:33:41.000Z,https://universalis.app/market/5337
5393,Rosewood Log,Aubrey Calpurnia,900,10,2024-04-13T21:48:54.000Z,https://universalis.app/market/5393
5479,Enchanted Electrum Ink,Sycella Morning,100,99,2024-04-28T22:01:31.000Z,https://universalis.app/market/5479
2189,Embossed Book of Electrum,Sun Wu'kong,20000,1,2024-04-16T04:53:39.000Z,https://universalis.app/market/2189
2193,Cantamina Thavnaria,Venus Namaia,4500,1,2024-04-19T21:42:18.000Z,https://universalis.app/market/2193
5481,Enchanted Rose Gold Ink,Cwen Talia,9998,2,2024-05-02T00:06:03.000Z,https://universalis.app/market/5481
2194,Medica Thavnaria,Eji Mika,2999,1,2024-04-28T17:15:42.000Z,https://universalis.app/market/2194
2201,Erudite's Picatrix of Healing,Rue'lia Brecelle,74899,1,2024-04-12T17:20:14.000Z,https://universalis.app/market/2201
5480,Enchanted Gold Ink,Shuleyn Elilnebbwyn,20000,1,2024-04-29T08:44:49.000Z,https://universalis.app/market/5480
5569,Bloody Grimoire Binding,Shin Silverspark,7999,1,2024-05-01T03:49:00.000Z,https://universalis.app/market/5569
2202,Erudite's Picatrix of Casting,Michael Cousland,85900,1,2024-04-25T06:30:50.000Z,https://universalis.app/market/2202
2211,Deus Ex Verbis,Walon Yggdrasil,1345,1,2024-04-23T02:44:05.000Z,https://universalis.app/market/2211
5338,Silk Thread,Eve Rorru,6000,1,2024-04-20T00:42:10.000Z,https://universalis.app/market/5338
2212,Deus Ex Gratia,Rachel Alucarde,3064,1,2024-04-18T01:00:30.000Z,https://universalis.app/market/2212
2219,Square Maple Shield,Khloe Aliapoh,56110000,1,2024-05-02T21:27:00.000Z,https://universalis.app/market/2219
5091,Bronze Rivets,Jin Toji,2999,99,2024-04-25T03:00:21.000Z,https://universalis.app/market/5091
12524,Titanium Nugget,Akane Kiyomi,20000,1,2024-05-09T04:48:42.000Z,https://universalis.app/market/12524
12529,Titanium Rivets,David Cal,20000,2,2024-05-04T16:42:00.000Z,https://universalis.app/market/12529
12658,Dusk Leather,Eve Rorru,421000,1,2024-05-03T09:18:06.000Z,https://universalis.app/market/12658
2226,Bronze Hoplon,Kaido Vandersnatch,11500,1,2024-04-25T21:48:22.000Z,https://universalis.app/market/2226
5071,Bronze Plate,Marillie Mashima,386,33,2024-04-28T17:32:50.000Z,https://universalis.app/market/5071
2228,Round Shield,Nawdie D'fun,6004,1,2024-04-28T20:19:55.000Z,https://universalis.app/market/2228
2229,Leather Targe,Harriet Montgomery,254,1,2024-05-01T20:12:13.000Z,https://universalis.app/market/2229
2231,Bronze Buckler,Raz Blackhand,20000,1,2024-05-03T15:56:07.000Z,https://universalis.app/market/2231
2233,Square Ash Shield,Anwen Shaw,1500000,1,2024-04-14T10:38:27.000Z,https://universalis.app/market/2233
2236,Iron Hoplon,Daki Iris,10000,1,2024-04-24T22:39:48.000Z,https://universalis.app/market/2236
2238,Vintage Square Shield,Saphyr Snow,7770,1,2024-05-02T06:28:18.000Z,https://universalis.app/market/2238
2224,Worm-eaten Square Shield,Alastor Kaplan,1500,1,2024-04-14T17:17:02.000Z,https://universalis.app/market/2224
4859,Cider Vinegar,Acorn Breaker,500,2,2024-04-28T16:41:31.000Z,https://universalis.app/market/4859
2239,Ironclad Bronze Buckler,Midna Tenebrae,7000,1,2024-04-21T11:37:07.000Z,https://universalis.app/market/2239
2241,Iron Lantern Shield,Sire Mingala,5000,1,2024-04-21T21:15:56.000Z,https://universalis.app/market/2241
5998,Tallow Candle,Jagannath Dragonheart,1100,1,2024-04-12T06:35:24.000Z,https://universalis.app/market/5998
2242,Iron Scutum,Esther Keshet,5000,1,2024-04-21T08:47:03.000Z,https://universalis.app/market/2242
2244,Vintage Hoplon,Shady Deed,5000,1,2024-04-27T07:16:35.000Z,https://universalis.app/market/2244
2225,Tarnished Hoplon,Dracko Zon,11000,1,2024-04-12T04:56:12.000Z,https://universalis.app/market/2225
2246,Viper-crested Round Shield,Almaz Vonalmadine,2500,1,2024-04-15T20:19:24.000Z,https://universalis.app/market/2246
2248,Iron Kite Shield,Sager Step-on-me,10000,1,2024-04-15T21:56:01.000Z,https://universalis.app/market/2248
2250,Goatskin Targe,Meteor Stars,12485,1,2024-05-06T19:22:22.000Z,https://universalis.app/market/2250
5093,Steel Rivets,Shiki Night,1502,10,2024-05-09T15:21:47.000Z,https://universalis.app/market/5093
2257,Bull Hoplon,Rat Rat,10620,1,2024-04-18T06:43:55.000Z,https://universalis.app/market/2257
2260,Decorated Buckler,Sasha Lyna,18999,1,2024-04-30T00:12:35.000Z,https://universalis.app/market/2260
2262,Decorated Iron Scutum,Vaedren Atolna,5500,1,2024-04-22T07:24:35.000Z,https://universalis.app/market/2262
2264,Vintage Buckler,Ryuuki Arashi,16000,1,2024-04-16T01:27:14.000Z,https://universalis.app/market/2264
2227,Notched Buckler,Yua Bani,5000,1,2024-04-17T09:53:26.000Z,https://universalis.app/market/2227
2268,Bladed Lantern Shield,Layla Valtin,10000,1,2024-04-17T00:51:21.000Z,https://universalis.app/market/2268
2270,Raptorskin Targe,Raina Cakes,45000,1,2024-04-30T21:27:33.000Z,https://universalis.app/market/2270
5099,Mythril Rivets,Jaya Folthorne,3002,39,2024-04-15T18:38:35.000Z,https://universalis.app/market/5099
2278,Vintage Scutum,A'ryu Amagai,10000,1,2024-04-30T21:10:15.000Z,https://universalis.app/market/2278
2232,Rusting Scutum,Saya Neko-chan,5000,1,2024-04-17T04:28:19.000Z,https://universalis.app/market/2232
2279,Cobalt Scutum,Maveryn Pantheros,4000,1,2024-05-05T19:42:54.000Z,https://universalis.app/market/2279
5094,Cobalt Rivets,Instance Shenanigans,3000,99,2024-05-04T14:51:43.000Z,https://universalis.app/market/5094
2287,Eagle-crested Round Shield,Mae Rhea,14999,1,2024-04-18T05:38:20.000Z,https://universalis.app/market/2287
2289,Vintage Round Shield,Lyra Nyx,498,1,2024-05-05T08:59:44.000Z,https://universalis.app/market/2289
2237,Rotting Round Shield,Niamh Eiry,2376,1,2024-04-12T20:31:36.000Z,https://universalis.app/market/2237
5228,Ragstone,Wonker Doodle,200,3,2024-04-28T00:04:52.000Z,https://universalis.app/market/5228
5517,Lanolin,Zara Qal,520,2,2024-04-26T01:13:32.000Z,https://universalis.app/market/5517
2294,Kite Shield,Riso Rhiki,22990,1,2024-04-22T21:35:44.000Z,https://universalis.app/market/2294
2296,Cobalt Bladed Lantern Shield,Aeyma Yelho,50000,1,2024-04-25T00:20:22.000Z,https://universalis.app/market/2296
2298,Oxblood Targe,Charlie Manson,27000,1,2024-05-07T21:26:05.000Z,https://universalis.app/market/2298
2300,Vintage Kite Shield,Ganne Darkwinter,50000,1,2024-04-15T01:10:34.000Z,https://universalis.app/market/2300
2259,Scarred Kite Shield,Rhea Taligrus,8500,1,2024-04-18T16:12:15.000Z,https://universalis.app/market/2259
2302,Darksteel Scutum,Banana Pepper,3030,1,2024-04-24T22:14:55.000Z,https://universalis.app/market/2302
5060,Darksteel Ingot,Rua Alara,10995,1,2024-05-08T03:05:21.000Z,https://universalis.app/market/5060
5095,Darksteel Rivets,Shin Bye,6000,31,2024-05-09T17:23:19.000Z,https://universalis.app/market/5095
2303,Darksteel Buckler,Banana Pepper,3999,1,2024-04-24T22:15:14.000Z,https://universalis.app/market/2303
2304,Spruce Round Shield,Rene Camoa,2998,1,2024-05-01T08:28:11.000Z,https://universalis.app/market/2304
5379,Treated Spruce Lumber,Kali Virac,100000,1,2024-04-21T13:50:42.000Z,https://universalis.app/market/5379
2315,Bronze Saw,Amenie Gamma,6000,1,2024-04-29T04:25:50.000Z,https://universalis.app/market/2315
2316,Amateur's Saw,Rorobin Fishy,1998,1,2024-04-16T06:58:50.000Z,https://universalis.app/market/2316
2317,Chocobotail Saw,Thalia Castellan,125,1,2024-04-16T20:53:23.000Z,https://universalis.app/market/2317
2318,Initiate's Saw,Esther Keshet,10000,1,2024-04-18T05:51:59.000Z,https://universalis.app/market/2318
2319,Bas-relief Iron Saw,Teddi Meadows,20000,1,2024-04-25T02:13:07.000Z,https://universalis.app/market/2319
2320,Iron Chocobotail Saw,Karyn Ava,25541,1,2024-04-24T01:18:07.000Z,https://universalis.app/market/2320
2321,Bas-relief Steel Saw,Eve Morningtide,15053,1,2024-05-02T06:53:09.000Z,https://universalis.app/market/2321
2322,Crosscut Saw,Druza Einaris,4500,1,2024-04-17T11:47:21.000Z,https://universalis.app/market/2322
2323,Mythril Saw,Luna Lowella,22994,1,2024-04-25T09:40:50.000Z,https://universalis.app/market/2323
2324,Mythril Chocobotail Saw,Ryme Belfraido,3000,1,2024-05-03T23:35:43.000Z,https://universalis.app/market/2324
2325,Bas-relief Cobalt Saw,Lost Mans,20000,1,2024-04-24T23:33:52.000Z,https://universalis.app/market/2325
2328,Amateur's Claw Hammer,Issac Hendrix,1975,1,2024-04-13T14:46:56.000Z,https://universalis.app/market/2328
2329,Bronze Claw Hammer,Aurora Fae,9000,1,2024-05-02T14:57:29.000Z,https://universalis.app/market/2329
2331,Iron Claw Hammer,Queen Nefferat,20000,1,2024-04-13T14:00:14.000Z,https://universalis.app/market/2331
5483,Jellyfish Humours,Luisa Fdo,135,21,2024-04-12T04:08:08.000Z,https://universalis.app/market/5483
2332,Initiate's Claw Hammer,Kiwi Tea,199,1,2024-04-20T17:58:42.000Z,https://universalis.app/market/2332
2334,Steel Claw Hammer,Gwyn Collier,10999,1,2024-04-22T21:15:03.000Z,https://universalis.app/market/2334
2335,Wrapped Steel Claw Hammer,Sager Step-on-me,20000,1,2024-04-12T21:04:50.000Z,https://universalis.app/market/2335
5485,Linseed Oil,Suvd Tumet,3000,1,2024-04-28T00:25:51.000Z,https://universalis.app/market/5485
2337,Mythril Claw Hammer,Beo Wulf,20000,1,2024-05-04T18:34:59.000Z,https://universalis.app/market/2337
2338,Cobalt Claw Hammer,Omni Terasu,30000,1,2024-04-21T15:16:38.000Z,https://universalis.app/market/2338
2341,Bronze Cross-pein Hammer,Desmos Kings,19999,1,2024-04-12T16:25:21.000Z,https://universalis.app/market/2341
2342,Amateur's Cross-pein Hammer,Wax-on Wax-off,5000,1,2024-05-03T20:30:25.000Z,https://universalis.app/market/2342
2343,Birdsbeak Hammer,Harriet Montgomery,5000,1,2024-05-03T20:31:13.000Z,https://universalis.app/market/2343
5325,Undyed Cotton Cloth,Koruria Urabon,1000,2,2024-04-20T16:21:49.000Z,https://universalis.app/market/5325
2344,Iron Cross-pein Hammer,Indigo Violet,25000,1,2024-04-15T19:37:24.000Z,https://universalis.app/market/2344
2345,Initiate's Cross-pein Hammer,Raeha Fucheng,5000,1,2024-04-21T00:40:40.000Z,https://universalis.app/market/2345
2346,Crowsbeak Hammer,Popolaccino's Actor,6000,1,2024-04-27T03:12:26.000Z,https://universalis.app/market/2346
2347,Heavy Crowsbeak Hammer,Sehrin Makoto,145,1,2024-04-16T11:31:13.000Z,https://universalis.app/market/2347
2348,Steel Cross-pein Hammer,Yunezia Ayula,9985,1,2024-04-17T06:43:48.000Z,https://universalis.app/market/2348
5326,Undyed Velveteen,Sir Pizz,15000,1,2024-04-19T19:48:17.000Z,https://universalis.app/market/5326
2349,Steel Crowsbeak Hammer,Zain Akemi,32000,1,2024-04-28T00:22:02.000Z,https://universalis.app/market/2349
2350,Wrapped Crowsbeak Hammer,Nymeia Night,55555,1,2024-04-13T18:12:39.000Z,https://universalis.app/market/2350
2351,Cobalt Cross-pein Hammer,Delilah Doree,66666,1,2024-04-29T05:02:06.000Z,https://universalis.app/market/2351
2352,Wrapped Hawksbeak Hammer,Zendus Pendragon,39999,1,2024-04-14T16:15:50.000Z,https://universalis.app/market/2352
2355,Amateur's File,Sunshine Day,1000,1,2024-04-12T17:08:27.000Z,https://universalis.app/market/2355
2356,Bronze File,Kanibal Klown,10009,1,2024-04-21T02:12:38.000Z,https://universalis.app/market/2356
2358,Iron File,Verinai Martichoras,12000,1,2024-04-15T18:15:23.000Z,https://universalis.app/market/2358
2359,Initiate's File,Dazaii Osamu,3777,1,2024-04-26T12:38:21.000Z,https://universalis.app/market/2359
2361,Steel File,Bingo Mccoy,40000,1,2024-04-15T19:21:55.000Z,https://universalis.app/market/2361
2363,Mythril File,Beo Wulf,34499,1,2024-05-04T18:31:53.000Z,https://universalis.app/market/2363
2367,Bronze Doming Hammer,Zero Silvermile,500000,1,2024-04-14T08:07:05.000Z,https://universalis.app/market/2367
2368,Amateur's Doming Hammer,Yuukine Koiyuki,1999,1,2024-04-19T02:50:43.000Z,https://universalis.app/market/2368
2369,Bronze Raising Hammer,Khalit Ugunda,1011,1,2024-04-30T16:32:34.000Z,https://universalis.app/market/2369
2370,Iron Doming Hammer,Arumat Dotharl,4900,1,2024-04-19T20:38:30.000Z,https://universalis.app/market/2370
2371,Initiate's Doming Hammer,Rathkor Ferriger,7499,1,2024-04-13T20:58:33.000Z,https://universalis.app/market/2371
2373,Wrapped Iron Raising Hammer,Luna Lowella,3000,1,2024-04-23T23:35:48.000Z,https://universalis.app/market/2373
2374,Steel Doming Hammer,Lo'z Sukehiro,3000,1,2024-04-28T00:22:36.000Z,https://universalis.app/market/2374
2375,Steel Raising Hammer,Azura Highwind,30000,1,2024-04-17T17:05:46.000Z,https://universalis.app/market/2375
2376,Cobalt Doming Hammer,Brobama Pepewai,3083,1,2024-04-27T05:21:53.000Z,https://universalis.app/market/2376
2377,Cobalt Raising Hammer,Torigae Ragara,2000,1,2024-04-27T20:46:19.000Z,https://universalis.app/market/2377
2380,Amateur's Pliers,Arumat Dotharl,9000,1,2024-04-17T20:22:09.000Z,https://universalis.app/market/2380
2381,Bronze Pliers,Asch Fabre,3800,1,2024-04-15T21:06:54.000Z,https://universalis.app/market/2381
2383,Iron Pliers,Sarah Brookss,10021,1,2024-04-18T19:33:31.000Z,https://universalis.app/market/2383
2384,Initiate's Pliers,Mesa Boogie,498,1,2024-04-25T23:53:09.000Z,https://universalis.app/market/2384
2386,Steel Pliers,Tary Cadenza,17500,1,2024-04-17T04:25:27.000Z,https://universalis.app/market/2386
2388,Mythril Pliers,Sager Step-on-me,40000,1,2024-04-18T20:46:36.000Z,https://universalis.app/market/2388
2389,Cobalt Pliers,Toriel Dremerr,25000,1,2024-04-30T09:37:35.000Z,https://universalis.app/market/2389
2392,Bronze Chaser Hammer,Osiris Neverwinter,200,1,2024-04-12T18:44:40.000Z,https://universalis.app/market/2392
2393,Amateur's Chaser Hammer,Nuala Maani,100,1,2024-04-23T20:18:15.000Z,https://universalis.app/market/2393
2394,Bronze Ornamental Hammer,Y'dyalani Aba,450,1,2024-04-20T09:03:59.000Z,https://universalis.app/market/2394
2395,Iron Chaser Hammer,Van Haigood,3000,1,2024-04-20T04:44:01.000Z,https://universalis.app/market/2395
2396,Initiate's Chaser Hammer,Dopey Yams,5000,1,2024-05-02T04:46:45.000Z,https://universalis.app/market/2396
2397,Iron Ornamental Hammer,Gus Chiggins,38929,1,2024-05-09T03:51:01.000Z,https://universalis.app/market/2397
2398,Steel Chaser Hammer,Luna Lowella,1499,1,2024-04-13T19:22:40.000Z,https://universalis.app/market/2398
2399,Steel Ornamental Hammer,Farquarius Dingledong,5000,1,2024-04-20T17:49:25.000Z,https://universalis.app/market/2399
2400,Mythril Ornamental Hammer,Alcander Faris,59999,1,2024-04-13T00:12:48.000Z,https://universalis.app/market/2400
2401,Mythril Lapidary Hammer,Karasu Gremory,7000,1,2024-04-25T19:51:37.000Z,https://universalis.app/market/2401
2402,Electrum Lapidary Hammer,Alastor Kaplan,40000,1,2024-04-16T23:59:04.000Z,https://universalis.app/market/2402
5183,Tourmaline,David Cal,350,38,2024-04-16T14:10:20.000Z,https://universalis.app/market/5183
2405,Amateur's Grinding Wheel,Kyo Ya,4,1,2024-04-20T03:26:04.000Z,https://universalis.app/market/2405
2406,Ragstone Grinding Wheel,Van Haigood,9500,1,2024-04-15T23:25:38.000Z,https://universalis.app/market/2406
2408,Mudstone Grinding Wheel,Esther Keshet,5000,1,2024-04-27T07:05:43.000Z,https://universalis.app/market/2408
5229,Mudstone,Ruby Shoes,10000000,1,2024-04-14T12:49:40.000Z,https://universalis.app/market/5229
2409,Initiate's Grinding Wheel,Rajin Belmont,10000,1,2024-04-20T18:15:27.000Z,https://universalis.app/market/2409
2411,Siltstone Grinding Wheel,Amaryllis Sofrya,19959,1,2024-04-28T23:57:36.000Z,https://universalis.app/market/2411
5231,Siltstone,Nnyx Anneth,450,7,2024-04-16T22:00:13.000Z,https://universalis.app/market/5231
2413,Garnet Grinding Wheel,Angel Mamoru,20000,1,2024-04-16T22:47:43.000Z,https://universalis.app/market/2413
5134,Raw Garnet,Sir Pizz,100,7,2024-04-23T02:54:23.000Z,https://universalis.app/market/5134
2414,Basilisk Grinding Wheel,Nitya Chrona,15498,1,2024-04-18T02:54:08.000Z,https://universalis.app/market/2414
5263,Basilisk Egg,Scarlett O'rose,1000,95,2024-04-24T09:03:08.000Z,https://universalis.app/market/5263
2415,Militia Grinding Wheel,Xaeus Drake,24989,1,2024-04-14T18:04:14.000Z,https://universalis.app/market/2415
5158,Astral Rock,I'm Trig,490,45,2024-04-20T23:17:42.000Z,https://universalis.app/market/5158
2417,Bronze Head Knife,Desmos Kings,15106,1,2024-04-25T15:01:35.000Z,https://universalis.app/market/2417
2418,Amateur's Head Knife,Midna Tenebrae,2009,1,2024-04-20T02:47:43.000Z,https://universalis.app/market/2418
2419,Brass Head Knife,Lilly Ariti,9000,1,2024-04-15T20:52:37.000Z,https://universalis.app/market/2419
2420,Initiate's Head Knife,Swift Valor,9997,1,2024-05-09T14:33:33.000Z,https://universalis.app/market/2420
2421,Iron Round Knife,Mio Azsvana,1000,1,2024-04-20T22:16:20.000Z,https://universalis.app/market/2421
2422,Iron Head Knife,Asch Fabre,5041,1,2024-04-14T23:31:43.000Z,https://universalis.app/market/2422
2423,Silver Head Knife,Hatakora Kit,8000,1,2024-04-21T03:45:23.000Z,https://universalis.app/market/2423
2424,Steel Round Knife,Delilah Doree,1450,1,2024-04-13T00:40:35.000Z,https://universalis.app/market/2424
2425,Mythril Head Knife,Jisoo Minatozaki,25000,1,2024-04-24T05:58:53.000Z,https://universalis.app/market/2425
2426,Mythril Round Knife,Takashi Mitsuya,5583,1,2024-04-12T23:27:33.000Z,https://universalis.app/market/2426
2427,Electrum Head Knife,Zendus Pendragon,20000,1,2024-04-28T21:54:55.000Z,https://universalis.app/market/2427
2430,Amateur's Awl,Minah Jeon,799,1,2024-04-14T00:47:27.000Z,https://universalis.app/market/2430
2431,Bronze Awl,Helmiknok Dadestoryer,2989,1,2024-05-07T23:32:24.000Z,https://universalis.app/market/2431
2433,Iron Awl,Raeha Fucheng,20018,1,2024-04-21T01:00:34.000Z,https://universalis.app/market/2433
2434,Initiate's Awl,Raijin Kata,10000,1,2024-04-16T23:53:18.000Z,https://universalis.app/market/2434
2436,Steel Awl,Silent Fang,30000,1,2024-04-13T17:44:40.000Z,https://universalis.app/market/2436
2437,Wrapped Steel Awl,Shwae Tsunsui,50000,1,2024-05-04T22:21:57.000Z,https://universalis.app/market/2437
2439,Mythril Awl,Etan Yutan,20000,1,2024-04-18T13:54:41.000Z,https://universalis.app/market/2439
2440,Cobalt Awl,Nephry Mu,35000,1,2024-04-18T14:53:01.000Z,https://universalis.app/market/2440
2441,Militia Awl,Flux Fallheart,20000,1,2024-05-03T08:22:49.000Z,https://universalis.app/market/2441
2443,Copper Needle,Map Lock,47,1,2024-04-20T19:10:50.000Z,https://universalis.app/market/2443
2444,Bat Fang Needle,Yuukine Koiyuki,8995,1,2024-04-19T02:51:08.000Z,https://universalis.app/market/2444
2445,Amateur's Needle,Diggie Bloodmoon,269,1,2024-05-06T01:11:40.000Z,https://universalis.app/market/2445
2446,Brass Needle,Arumat Dotharl,5019,1,2024-04-19T00:08:40.000Z,https://universalis.app/market/2446
2447,Initiate's Needle,Mogi Drogma,2500,1,2024-04-23T12:19:10.000Z,https://universalis.app/market/2447
2448,Silver Needle,Sirrion Dragonfang,1000,1,2024-04-18T01:30:03.000Z,https://universalis.app/market/2448
2449,Worm Fang Needle,Torigae Ragara,9995,1,2024-04-21T00:13:10.000Z,https://universalis.app/market/2449
5447,Sandworm Fang,Karasu Gremory,750,2,2024-04-15T18:29:17.000Z,https://universalis.app/market/5447
2450,Mythril Needle,Nevets Senpai,5000,1,2024-04-12T21:40:28.000Z,https://universalis.app/market/2450
2451,Wolf Fang Needle,Arumat Dotharl,14900,1,2024-04-20T00:50:36.000Z,https://universalis.app/market/2451
2452,Thousand Needle,Tsugumi Abumin,19980,1,2024-04-23T20:19:42.000Z,https://universalis.app/market/2452
5468,Cactuar Needle,Feitan Darkheart,1000,2,2024-05-09T19:57:48.000Z,https://universalis.app/market/5468
2453,Electrum Needle,Luna Lowella,10000,1,2024-04-14T20:18:03.000Z,https://universalis.app/market/2453
2456,Amateur's Spinning Wheel,Panterra Rygar,900,1,2024-05-06T01:05:09.000Z,https://universalis.app/market/2456
2457,Ash Spinning Wheel,Andromeda Valerius,1250,1,2024-04-19T13:43:29.000Z,https://universalis.app/market/2457
2459,Initiate's Spinning Wheel,Alphonse Yulis,8000,1,2024-04-23T04:04:28.000Z,https://universalis.app/market/2459
2460,Elm Spinning Wheel,Koruria Urabon,11000,1,2024-04-20T15:44:55.000Z,https://universalis.app/market/2460
2462,Walnut Spinning Wheel,Midna Tenebrae,20000,1,2024-04-21T07:01:12.000Z,https://universalis.app/market/2462
2464,Mahogany Spinning Wheel,Brobama Pepewai,50073,1,2024-04-27T05:22:58.000Z,https://universalis.app/market/2464
2465,Rosewood Spinning Wheel,Vanessa Stormwind,19000,1,2024-04-12T22:50:40.000Z,https://universalis.app/market/2465
2466,Militia Spinning Wheel,Luna Lowella,30000,1,2024-04-14T20:19:33.000Z,https://universalis.app/market/2466
2468,Bronze Alembic,Barnabas Lasbrot,15000,1,2024-04-18T11:31:26.000Z,https://universalis.app/market/2468
2469,Amateur's Alembic,Nuala Maani,5599,1,2024-04-21T15:45:23.000Z,https://universalis.app/market/2469
2470,Brass Alembic,Storm Starbrick,15000,1,2024-04-22T02:33:11.000Z,https://universalis.app/market/2470
2471,Initiate's Alembic,Aura Eldorado,3000,1,2024-04-29T01:23:36.000Z,https://universalis.app/market/2471
2472,Iron Alembic,Esther Keshet,5000,1,2024-04-20T08:02:59.000Z,https://universalis.app/market/2472
2473,Conical Alembic,Token Eastwood,2037,1,2024-04-30T19:38:59.000Z,https://universalis.app/market/2473
2474,Steel Alembic,Tsugumi Abumin,25000,1,2024-04-15T20:58:25.000Z,https://universalis.app/market/2474
2475,Silver Alembic,Etan Yutan,20000,1,2024-04-20T23:33:50.000Z,https://universalis.app/market/2475
2476,Mythril Alembic,Zendus Pendragon,20000,1,2024-04-28T19:31:59.000Z,https://universalis.app/market/2476
2477,Electrum Alembic,Yvahni Koda,38000,1,2024-04-16T07:13:41.000Z,https://universalis.app/market/2477
2478,Thermal Alembic,Jolyne Jolie,30000,1,2024-04-12T09:56:59.000Z,https://universalis.app/market/2478
2481,Amateur's Mortar,Khalit Ugunda,1005,1,2024-04-17T01:09:56.000Z,https://universalis.app/market/2481
2482,Bronze Mortar,Ten Chi,150,1,2024-04-27T10:24:37.000Z,https://universalis.app/market/2482
2484,Iron Mortar,Luna Chai,10000,1,2024-04-17T17:00:46.000Z,https://universalis.app/market/2484
2485,Initiate's Mortar,Mae Rhea,1500,1,2024-04-15T09:05:25.000Z,https://universalis.app/market/2485
2487,Steel Mortar,Kagome Leonheart,9000,1,2024-04-27T19:55:04.000Z,https://universalis.app/market/2487
2488,Heavy Steel Mortar,Shwae Tsunsui,14999,1,2024-05-04T22:22:50.000Z,https://universalis.app/market/2488
2490,Mythril Mortar,Aeyma Yelho,9995,1,2024-04-18T21:14:00.000Z,https://universalis.app/market/2490
2491,Cobalt Mortar,Sun Wu'kong,29998,1,2024-04-22T05:17:43.000Z,https://universalis.app/market/2491
2494,Bronze Skillet,Ra Zetzy,15000,1,2024-04-28T21:48:52.000Z,https://universalis.app/market/2494
2495,Amateur's Skillet,Morgan Redfang,5450,1,2024-04-25T00:34:18.000Z,https://universalis.app/market/2495
2496,Iron Skillet,Jean-paul Frogtre,20000,1,2024-04-15T18:45:00.000Z,https://universalis.app/market/2496
2497,Initiate's Skillet,Arumat Dotharl,4997,1,2024-04-19T22:39:43.000Z,https://universalis.app/market/2497
2498,Iron Frypan,Jean-paul Frogtre,2500,1,2024-04-23T23:30:05.000Z,https://universalis.app/market/2498
2499,Bomb Frypan,Esther Keshet,10000,1,2024-04-22T09:21:18.000Z,https://universalis.app/market/2499
5528,Bomb Ash,Zolin Ralin,20000000,1,2024-05-02T21:47:56.000Z,https://universalis.app/market/5528
2500,Steel Skillet,Sir Pizz,520,1,2024-04-30T23:16:45.000Z,https://universalis.app/market/2500
2501,White Skillet,Louisoix Sorel,5000,1,2024-04-14T22:31:54.000Z,https://universalis.app/market/2501
2502,Steel Frypan,Beo Wulf,47600,1,2024-04-15T13:28:56.000Z,https://universalis.app/market/2502
2503,Cobalt Skillet,Matsu Merry,10000,1,2024-04-25T13:38:26.000Z,https://universalis.app/market/2503
2504,Hells' Kitchen,Stuff Co,50000,1,2024-04-17T02:58:17.000Z,https://universalis.app/market/2504
2507,Amateur's Culinary Knife,Alexandra Flix,2000,1,2024-04-15T13:56:07.000Z,https://universalis.app/market/2507
2508,Bronze Culinary Knife,Van Haigood,900,1,2024-04-15T03:50:11.000Z,https://universalis.app/market/2508
2510,Iron Culinary Knife,Sirrion Dragonfang,10000,1,2024-04-28T03:18:02.000Z,https://universalis.app/market/2510
2511,Initiate's Culinary Knife,Sirrion Dragonfang,10000,1,2024-04-15T22:56:47.000Z,https://universalis.app/market/2511
2513,Steel Culinary Knife,Van Haigood,16000,1,2024-05-02T05:11:36.000Z,https://universalis.app/market/2513
2514,Wrapped Steel Culinary Knife,Grant Revolation,10000,1,2024-04-30T00:35:01.000Z,https://universalis.app/market/2514
2516,Mythril Culinary Knife,Saphyr Snow,74988,1,2024-04-17T22:57:28.000Z,https://universalis.app/market/2516
2517,Cobalt Culinary Knife,Flavia Reglay,25000,1,2024-04-17T14:14:06.000Z,https://universalis.app/market/2517
2520,Bronze Pickaxe,Azilloth Ebonheart,10000,1,2024-04-24T02:56:51.000Z,https://universalis.app/market/2520
2521,Amateur's Pickaxe,Ash Takemura,5009,1,2024-04-17T22:39:59.000Z,https://universalis.app/market/2521
2522,Plumed Bronze Pickaxe,Miura Naeuri,10000,1,2024-04-17T05:00:57.000Z,https://universalis.app/market/2522
2523,Iron Pickaxe,Midna Tenebrae,19777,1,2024-04-21T10:08:57.000Z,https://universalis.app/market/2523
2524,Initiate's Pickaxe,Jagannath Dragonheart,10000,1,2024-04-27T07:28:39.000Z,https://universalis.app/market/2524
2525,Iron Dolabra,Kagome Leonheart,17500,1,2024-04-13T17:49:05.000Z,https://universalis.app/market/2525
2526,Steel Pickaxe,Ashlyn Sybella,10000,1,2024-04-25T13:26:06.000Z,https://universalis.app/market/2526
2527,Steel Dolabra,Sophia Z'ee,25500,1,2024-04-23T16:46:15.000Z,https://universalis.app/market/2527
2528,Plumed Mythril Pickaxe,Tiamat Dragonhart,50000,1,2024-05-06T00:49:51.000Z,https://universalis.app/market/2528
5327,Undyed Linen,Alastor Kaplan,4000,10,2024-04-17T00:54:50.000Z,https://universalis.app/market/5327
2529,Cobalt Dolabra,Grimm Semblance,5000,1,2024-04-17T21:57:14.000Z,https://universalis.app/market/2529
2530,Egret Dolabra,Aelric Gunnar,59999,1,2024-04-16T04:27:56.000Z,https://universalis.app/market/2530
2534,Bronze Sledgehammer,Reaver Rose,10000,1,2024-04-24T01:35:29.000Z,https://universalis.app/market/2534
2536,Initiate's Sledgehammer,Da'triten Sivs,14850,1,2024-04-20T12:48:01.000Z,https://universalis.app/market/2536
2537,Iron Sledgehammer,Azura Highwind,10000,1,2024-04-16T17:36:38.000Z,https://universalis.app/market/2537
2539,Steel Sledgehammer,Yae Bi,45000,1,2024-04-27T12:29:09.000Z,https://universalis.app/market/2539
2540,Wrapped Steel Sledgehammer,Genevieve Raventhorn,12000,1,2024-05-06T12:43:03.000Z,https://universalis.app/market/2540
2542,Mythril Sledgehammer,Yunezia Ayula,50000,1,2024-04-17T17:58:40.000Z,https://universalis.app/market/2542
2543,Cobalt Sledgehammer,Yunezia Ayula,21000,1,2024-04-17T19:00:01.000Z,https://universalis.app/market/2543
2546,Bronze Hatchet,Soteria Perrin,75000,1,2024-05-04T14:09:21.000Z,https://universalis.app/market/2546
2547,Amateur's Hatchet,Amika Mor,4997,1,2024-04-25T17:41:49.000Z,https://universalis.app/market/2547
2548,Iron Hatchet,Lucian Lycangard,10000,1,2024-04-16T20:27:57.000Z,https://universalis.app/market/2548
2549,Initiate's Hatchet,Raijin Kata,10000,1,2024-04-13T04:17:14.000Z,https://universalis.app/market/2549
2550,Brass Hatchet,Token Eastwood,3996,1,2024-04-30T13:30:39.000Z,https://universalis.app/market/2550
2551,Plumed Iron Hatchet,Ishgardian Emissary,55555,1,2024-04-16T23:18:22.000Z,https://universalis.app/market/2551
5359,Chocobo Feather,Ravyn Thurnstone,8500,2,2024-04-22T22:14:29.000Z,https://universalis.app/market/5359
2552,Steel Hatchet,Zogomo Mythos,16999,1,2024-04-30T07:13:38.000Z,https://universalis.app/market/2552
2553,Plumed Steel Hatchet,Sirrion Dragonfang,4000,1,2024-04-28T22:28:00.000Z,https://universalis.app/market/2553
2554,Mythril Hatchet,Sager Step-on-me,20000,1,2024-04-13T02:51:18.000Z,https://universalis.app/market/2554
2555,Cobalt Hatchet,Ryme Belfraido,30000,1,2024-04-15T22:47:08.000Z,https://universalis.app/market/2555
2556,Horned Hatchet,Wonrei Liyen,30000,1,2024-04-23T22:45:45.000Z,https://universalis.app/market/2556
2560,Bronze Scythe,Reaver Rose,10009,1,2024-04-24T01:35:49.000Z,https://universalis.app/market/2560
2562,Iron Scythe,Ten Chi,25500,1,2024-05-01T01:17:47.000Z,https://universalis.app/market/2562
2563,Initiate's Scythe,Thick Dreams,6000,1,2024-04-19T00:06:24.000Z,https://universalis.app/market/2563
2565,Steel Scythe,Ryn Tymme,50046,1,2024-05-04T16:10:30.000Z,https://universalis.app/market/2565
2566,Wrapped Steel Scythe,Violin Musicorum,20000,1,2024-04-25T22:38:53.000Z,https://universalis.app/market/2566
2568,Mythril Scythe,Koya Qerel,25000,1,2024-05-05T02:31:13.000Z,https://universalis.app/market/2568
2569,Cobalt Scythe,Nat Ponza,20000,1,2024-04-12T23:40:18.000Z,https://universalis.app/market/2569
2570,Militia Scythe,Wonrei Liyen,65000,1,2024-04-23T22:45:16.000Z,https://universalis.app/market/2570
2572,Maple Fishing Rod,Shiyo Takao,999,1,2024-04-25T09:37:34.000Z,https://universalis.app/market/2572
2573,Amateur's Fishing Rod,Kalleena Aedras,2200,1,2024-04-21T03:25:06.000Z,https://universalis.app/market/2573
2574,Elm Fishing Rod,Sirrion Dragonfang,5000,1,2024-04-14T04:53:21.000Z,https://universalis.app/market/2574
2575,Initiate's Fishing Rod,Suvd Tumet,10000,1,2024-04-13T23:41:04.000Z,https://universalis.app/market/2575
2576,Yew Fishing Rod,Maiya Kusakari,39027,1,2024-04-17T00:35:04.000Z,https://universalis.app/market/2576
2577,Staghorn Fishing Rod,Suvd Tumet,35500,1,2024-04-14T01:55:07.000Z,https://universalis.app/market/2577
2578,Walnut Fishing Rod,Sager Step-on-me,90000,1,2024-04-12T21:04:33.000Z,https://universalis.app/market/2578
2579,Horn Fishing Rod,Torigae Ragara,5000,1,2024-04-21T22:24:51.000Z,https://universalis.app/market/2579
2580,Mahogany Fishing Rod,Kayla Lykke,7500,1,2024-04-21T14:28:06.000Z,https://universalis.app/market/2580
2581,Rosewood Fishing Rod,Kiwi Tea,9500,1,2024-04-20T16:43:32.000Z,https://universalis.app/market/2581
2582,Gilded Rosewood Fishing Rod,Tary Cadenza,30000,1,2024-04-27T18:28:04.000Z,https://universalis.app/market/2582
2588,Crayfish Ball,Sasa Nori,270,99,2024-04-18T14:55:59.000Z,https://universalis.app/market/2588
4825,Rye Flour,Friday Addams,500,18,2024-04-25T16:30:33.000Z,https://universalis.app/market/4825
4925,Crayfish,Luciferase Tiamat,500,5,2024-05-05T08:26:27.000Z,https://universalis.app/market/4925
2589,Goby Ball,Anri Hastur,120,10,2024-04-27T04:44:38.000Z,https://universalis.app/market/2589
4931,Dusk Goby,Luciferase Tiamat,300,5,2024-05-05T08:30:08.000Z,https://universalis.app/market/4931
2593,Crab Ball,Ahldfohc Sylbrymmsyn,120,10,2024-04-21T14:46:13.000Z,https://universalis.app/market/2593
4880,Helmet Crab,Ruffled Owlet,4500,1,2024-05-01T19:08:39.000Z,https://universalis.app/market/4880
2595,Bass Ball,Valethorn Odessa,26,99,2024-04-29T02:52:29.000Z,https://universalis.app/market/2595
4826,Sunset Wheat Flour,Kaira Loveless,300,99,2024-04-14T02:30:02.000Z,https://universalis.app/market/4826
4959,Dark Bass,Talika Surr,2400,3,2024-04-13T01:07:06.000Z,https://universalis.app/market/4959
2598,Herring Ball,Tinthel Raithrien,50,99,2024-04-18T21:27:13.000Z,https://universalis.app/market/2598
4895,Indigo Herring,Nuk'e Rosedrifter,1000,3,2024-04-26T03:50:52.000Z,https://universalis.app/market/4895
2610,Chocobo Fly,Reirei Namiaya,994,99,2024-04-22T18:01:54.000Z,https://universalis.app/market/2610
2611,Floating Minnow,Ahldfohc Sylbrymmsyn,200,15,2024-04-21T14:51:23.000Z,https://universalis.app/market/2611
2612,Brass Spoon Lure,Thatchor Arano,26,25,2024-04-21T17:07:26.000Z,https://universalis.app/market/2612
2614,Crow Fly,Hatakora Kit,399,99,2024-04-25T04:47:39.000Z,https://universalis.app/market/2614
2615,Silver Spoon Lure,Fanazador Harvestasha,15,10,2024-04-20T17:28:27.000Z,https://universalis.app/market/2615
2616,Steel Jig,Ahldfohc Sylbrymmsyn,1899,49,2024-04-21T14:51:50.000Z,https://universalis.app/market/2616
2617,Sinking Minnow,Adsila Wolf,3000,1,2024-04-16T01:12:12.000Z,https://universalis.app/market/2617
2618,Snurble Fly,Hells Angel,3000,5,2024-04-12T23:18:49.000Z,https://universalis.app/market/2618
5349,Snurble Tufts,Celeste Pendragon,995,3,2024-04-24T03:12:06.000Z,https://universalis.app/market/5349
2619,Heavy Steel Jig,Vito Kuroi,3000,5,2024-04-12T22:38:24.000Z,https://universalis.app/market/2619
2620,Spinner,Vodka Fun,4000,5,2024-04-14T23:14:33.000Z,https://universalis.app/market/2620
4900,Whitelip Oyster,Adsila Wolf,1000,1,2024-04-16T01:11:55.000Z,https://universalis.app/market/4900
2622,Mythril Spoon Lure,Koya Qerel,1011,1,2024-04-21T03:37:44.000Z,https://universalis.app/market/2622
2623,Wildfowl Fly,Newt Astrophel,3495,5,2024-04-28T15:40:46.000Z,https://universalis.app/market/2623
2624,Topwater Frog,Stella Tenki,3500,5,2024-04-14T17:15:04.000Z,https://universalis.app/market/2624
2625,Rainbow Spoon Lure,B'rihnn Shall,4000,5,2024-05-05T00:40:26.000Z,https://universalis.app/market/2625
5466,Blacklip Oyster,L'unar Amariyo,5000,2,2024-04-29T07:48:35.000Z,https://universalis.app/market/5466
2626,Spinnerbait,Gothica Garlond,5000,5,2024-05-09T10:00:45.000Z,https://universalis.app/market/2626
5329,Undyed Felt,Koruria Urabon,9000,2,2024-04-23T00:38:30.000Z,https://universalis.app/market/5329
2627,Streamer,Shorrrt Cipher,3000,5,2024-04-12T01:11:50.000Z,https://universalis.app/market/2627
2628,Yumizuno,B'rihnn Shall,5000,5,2024-04-12T02:49:03.000Z,https://universalis.app/market/2628
2629,Hempen Coif,Mahirou Endo,8001,1,2024-04-17T13:56:29.000Z,https://universalis.app/market/2629
2630,Hempen Coif of Gathering,Seanzzie Lightheart,42000000,1,2024-05-07T10:55:46.000Z,https://universalis.app/market/2630
2631,Leather Calot,Adamantoise Stash,224007399,1,2024-04-13T01:23:47.000Z,https://universalis.app/market/2631
12590,Ramie Cloth,Koruria Urabon,8000,5,2024-05-04T07:36:38.000Z,https://universalis.app/market/12590
12595,Ramie Thread,Bethov Thy,3000,10,2024-04-26T15:11:53.000Z,https://universalis.app/market/12595
2652,Hempen Bandana,Midna Cinnamon,4000,1,2024-04-18T19:09:55.000Z,https://universalis.app/market/2652
2653,Leather Eyepatch,Rotund Rat,6000,1,2024-04-29T05:13:52.000Z,https://universalis.app/market/2653
2654,Hard Leather Pot Helm,Helmiknok Dadestoryer,999,1,2024-05-07T23:33:10.000Z,https://universalis.app/market/2654
2655,Hempen Hat,Peach Buns,32378742,1,2024-04-29T18:48:22.000Z,https://universalis.app/market/2655
2656,Bronze Chain Coif,Seika Haygen,10000000,1,2024-04-21T16:53:42.000Z,https://universalis.app/market/2656
5081,Bronze Rings,Its Four,100,1,2024-04-18T03:35:11.000Z,https://universalis.app/market/5081
2658,Straw Hat,Emori Nova,50000000,1,2024-04-14T20:52:19.000Z,https://universalis.app/market/2658
5342,Straw,Sophryne Uwu,500,50,2024-04-17T19:45:13.000Z,https://universalis.app/market/5342
2660,Amateur's Headgear,Shinobi Dm,4500,1,2024-04-21T06:21:46.000Z,https://universalis.app/market/2660
2661,Amateur's Hempen Coif,Velvet Lunari,8000,1,2024-04-28T12:40:56.000Z,https://universalis.app/market/2661
2662,Bronze Sallet,O'naria Fair,10000,1,2024-04-15T01:52:07.000Z,https://universalis.app/market/2662
2663,Stablemaid's Hat,Kalleena Aedras,19200,1,2024-04-19T22:49:47.000Z,https://universalis.app/market/2663
5540,Carnation,Alcain Velothel,69,1,2024-04-12T11:17:10.000Z,https://universalis.app/market/5540
2664,Bronze Barbut,Helba Ahieress,44444,1,2024-05-05T21:17:04.000Z,https://universalis.app/market/2664
2665,Cotton Turban,Stein Phite,5000,1,2024-04-17T13:55:16.000Z,https://universalis.app/market/2665
2666,Stablehand's Hat,Map Lock,10006,1,2024-04-20T19:00:17.000Z,https://universalis.app/market/2666
2668,Brass Spectacles,Mother Knows'best,10000,1,2024-04-20T07:26:47.000Z,https://universalis.app/market/2668
5512,Clear Glass Lens,Silas Othemaas,1000,2,2024-04-22T21:33:05.000Z,https://universalis.app/market/5512
2669,Hard Leather Eyepatch,Hail Mary,70,1,2024-04-28T22:23:59.000Z,https://universalis.app/market/2669
2670,Cotton Scarf,Ritsu Ishida,100000,1,2024-04-29T18:16:29.000Z,https://universalis.app/market/2670
2672,Hard Leather Skullcap,Vermillion Star,845,1,2024-04-15T02:32:20.000Z,https://universalis.app/market/2672
2673,Bronze Celata,Zero Silvermile,210000,1,2024-04-14T05:01:02.000Z,https://universalis.app/market/2673
2675,Ash Mask,Ra Zetzy,5008,1,2024-05-05T03:43:32.000Z,https://universalis.app/market/2675
2677,Hunting Hat,Firey Dragon,10000,1,2024-05-06T02:47:07.000Z,https://universalis.app/market/2677
2680,Decorated Bronze Barbut,Evie Lynn,39998,1,2024-04-14T18:04:48.000Z,https://universalis.app/market/2680
2685,Brass Circlet (Sunstone),Palazzo Orunitia,799,1,2024-04-13T23:28:49.000Z,https://universalis.app/market/2685
5169,Sunstone,Illidari Nightfall,320,2,2024-05-02T01:26:32.000Z,https://universalis.app/market/5169
2687,Brass Circlet (Danburite),Eley Lalafeley,1009,1,2024-04-27T05:35:43.000Z,https://universalis.app/market/2687
5170,Danburite,Abelia Hawthorne,80,7,2024-04-12T19:00:31.000Z,https://universalis.app/market/5170
2689,Brass Circlet (Malachite),Lil-miss Bean,300,1,2024-04-16T22:20:38.000Z,https://universalis.app/market/2689
5171,Malachite,Koruria Urabon,1500,2,2024-04-26T23:32:47.000Z,https://universalis.app/market/5171
2691,Brass Circlet (Sphene),Teddi Meadows,3999,1,2024-04-25T02:14:13.000Z,https://universalis.app/market/2691
5172,Sphene,Kayla Lykke,200,2,2024-04-14T00:01:28.000Z,https://universalis.app/market/5172
2693,Brass Circlet (Fluorite),Ten Chi,90,1,2024-05-01T01:18:21.000Z,https://universalis.app/market/2693
5173,Fluorite,Gravis Ultima,101,1,2024-04-19T20:16:43.000Z,https://universalis.app/market/5173
2695,Brass Circlet (Lapis Lazuli),Jaye Hawke,450,1,2024-04-19T08:08:30.000Z,https://universalis.app/market/2695
5174,Lapis Lazuli,Stoic Oak,301,2,2024-05-04T04:04:45.000Z,https://universalis.app/market/5174
2697,Goatskin Pot Helm,Zena Limuria,26500,1,2024-04-19T15:37:26.000Z,https://universalis.app/market/2697
2699,Cotton Coif,Koyou Mari,2500,1,2024-04-13T15:47:57.000Z,https://universalis.app/market/2699
2700,Cotton Coif of Gathering,Roniko Meshaneko,5000,1,2024-04-23T21:22:28.000Z,https://universalis.app/market/2700
2703,Ash Mask (Lapis Lazuli),Riub Glazewind,14069,1,2024-04-30T21:45:51.000Z,https://universalis.app/market/2703
2708,Iron Sallet,Lailah Lamassu,2500,1,2024-04-17T01:32:05.000Z,https://universalis.app/market/2708
2710,Goatskin Eyepatch,Saphyr Snow,3500,1,2024-05-02T02:46:42.000Z,https://universalis.app/market/2710
2712,Iron Celata,Ilya Forrest,995,1,2024-04-14T06:38:05.000Z,https://universalis.app/market/2712
5082,Iron Rings,Vincent Gray,2000,1,2024-05-04T18:25:58.000Z,https://universalis.app/market/5082
2714,Initiate's Headgear,Wuotrael Loetmothwyd,49999,1,2024-04-12T02:14:10.000Z,https://universalis.app/market/2714
2719,Cotton Sugarloaf Hat,Zyandr Amaterasu,80000000,1,2024-04-25T06:37:59.000Z,https://universalis.app/market/2719
2723,Iron Elmo,Lazura Drakon,8000,1,2024-05-02T23:07:12.000Z,https://universalis.app/market/2723
2725,Reinforced Iron Sallet,Kanibal Klown,20000,1,2024-04-21T02:12:23.000Z,https://universalis.app/market/2725
2727,Velveteen Bandana,Nebuwu Misamo,30000,1,2024-04-13T18:50:33.000Z,https://universalis.app/market/2727
2728,Silver Spectacles,Kyra Crescent,20000,1,2024-04-20T06:25:48.000Z,https://universalis.app/market/2728
2729,Velveteen Turban,Yuukine Koiyuki,20000,1,2024-04-19T02:51:30.000Z,https://universalis.app/market/2729
2731,Silver Magnifiers,Joyous Melody,20000,1,2024-05-09T02:49:13.000Z,https://universalis.app/market/2731
2733,Velveteen Wedge Cap of Crafting,Celeste Nightingale,18999,1,2024-04-20T12:56:29.000Z,https://universalis.app/market/2733
2734,Velveteen Wedge Cap of Gathering,Avinna Fyre,7500,1,2024-04-23T20:53:45.000Z,https://universalis.app/market/2734
2735,Silver Circlet (Garnet),Kero Mochi,20000,1,2024-04-27T23:05:04.000Z,https://universalis.app/market/2735
5175,Garnet,Maveryn Pantheros,250,1,2024-04-17T19:53:30.000Z,https://universalis.app/market/5175
2737,Silver Circlet (Goshenite),Rafflesia Aesthesia,15000,1,2024-04-22T06:21:24.000Z,https://universalis.app/market/2737
5176,Goshenite,Aryth Raylyth,199,1,2024-04-23T01:13:03.000Z,https://universalis.app/market/5176
2739,Silver Circlet (Peridot),Carmella Frostflower,20000,1,2024-04-29T03:24:59.000Z,https://universalis.app/market/2739
5177,Peridot,Silas Othemaas,400,3,2024-04-16T02:30:01.000Z,https://universalis.app/market/5177
2741,Silver Circlet (Heliodor),Osirion Silverblade,20000,1,2024-04-29T10:15:38.000Z,https://universalis.app/market/2741
5178,Heliodor,Finwick Shorttail,1000,1,2024-04-25T01:42:19.000Z,https://universalis.app/market/5178
2743,Silver Circlet (Amethyst),Kayla Lykke,15000,1,2024-04-17T03:59:49.000Z,https://universalis.app/market/2743
5179,Amethyst,Aisha Rashan,50,2,2024-04-24T00:16:29.000Z,https://universalis.app/market/5179
2745,Silver Circlet (Aquamarine),Delilah Doree,60000,1,2024-04-13T04:44:54.000Z,https://universalis.app/market/2745
5180,Aquamarine,Catcatisa Misa,200,2,2024-04-25T21:06:12.000Z,https://universalis.app/market/5180
2750,Velveteen Beret,Lilith Taure,40026,1,2024-05-05T01:54:59.000Z,https://universalis.app/market/2750
5343,Cotton Boll,Y'dra Rahz,800,2,2024-04-16T04:52:24.000Z,https://universalis.app/market/5343
5355,Dodo Feather,Atlas Valentina,500,6,2024-04-18T23:56:41.000Z,https://universalis.app/market/5355
2753,Steel Sallet,Kori Davila,39999,1,2024-04-13T02:03:20.000Z,https://universalis.app/market/2753
2755,Steel Celata,Kira Nyx,30028,1,2024-04-29T05:23:38.000Z,https://universalis.app/market/2755
2757,Vintage Celata,Callisto Pendragon,25000,1,2024-04-28T03:05:52.000Z,https://universalis.app/market/2757
2758,Steel Goggles,Raikyo Deus,9000000,1,2024-05-03T00:15:40.000Z,https://universalis.app/market/2758
2763,Velveteen Sugarloaf Hat,Johana Bladebolt,32500,1,2024-04-26T16:37:38.000Z,https://universalis.app/market/2763
2765,Steel Elmo,Daenerys Stormcuh,8995,1,2024-04-19T02:12:43.000Z,https://universalis.app/market/2765
2767,Skull Eyepatch,Nymeia Twilight,35000,1,2024-04-21T13:40:28.000Z,https://universalis.app/market/2767
2769,Mythril Magnifiers,Nevets Senpai,5000,1,2024-04-14T03:45:12.000Z,https://universalis.app/market/2769
2774,Mythril Spectacles,Shady Deed,20047,1,2024-04-27T07:07:54.000Z,https://universalis.app/market/2774
2776,Linen Turban,Kalleena Aedras,15499,1,2024-04-30T03:41:41.000Z,https://universalis.app/market/2776
2778,Angler's Hat,Syllvaecis Paseveil,50000,1,2024-05-04T02:10:56.000Z,https://universalis.app/market/2778
2779,Linen Hat,Coco Jumbo,26000,1,2024-04-28T21:07:06.000Z,https://universalis.app/market/2779
2785,Vintage Chef's Hat,Death Metal,40050,1,2024-04-28T21:23:09.000Z,https://universalis.app/market/2785
2657,Ripped Chef's Hat,Nocette Joulioud,40000,1,2024-04-16T01:52:23.000Z,https://universalis.app/market/2657
2786,Steel Barbut,Tearea Forelia,5000,1,2024-04-13T21:08:24.000Z,https://universalis.app/market/2786
2788,Boarskin Pot Helm,Choco Muffin,20000,1,2024-04-25T06:31:01.000Z,https://universalis.app/market/2788
2790,Mythril Circlet (Rubellite),Snacks Suzumiya,15000,1,2024-04-16T17:00:28.000Z,https://universalis.app/market/2790
5181,Rubellite,Bunana Bread,500,1,2024-04-21T03:11:51.000Z,https://universalis.app/market/5181
2792,Mythril Circlet (Zircon),Amiella Alba,5000,1,2024-04-23T22:23:11.000Z,https://universalis.app/market/2792
5182,Zircon,Lavender Rose,1100,2,2024-04-14T11:36:25.000Z,https://universalis.app/market/5182
2794,Mythril Circlet (Tourmaline),Ayla Pharso,11700000,1,2024-05-08T03:05:53.000Z,https://universalis.app/market/2794
2796,Mythril Circlet (Amber),Taira Anzai,4999,1,2024-05-01T05:02:35.000Z,https://universalis.app/market/2796
5184,Amber,Lavender Rose,500,2,2024-04-14T11:07:55.000Z,https://universalis.app/market/5184
2798,Mythril Circlet (Spinel),Mesa Boogie,3036,1,2024-04-24T02:51:54.000Z,https://universalis.app/market/2798
5185,Spinel,Koruria Urabon,2000,2,2024-05-05T22:11:22.000Z,https://universalis.app/market/5185
2800,Mythril Circlet (Turquoise),Zoery Solwyn,9995,1,2024-04-26T22:48:44.000Z,https://universalis.app/market/2800
5186,Turquoise,Rexii Hazy,300,4,2024-05-06T00:44:17.000Z,https://universalis.app/market/5186
2802,Mythril Elmo,Helba Ahieress,50000,1,2024-05-05T22:17:45.000Z,https://universalis.app/market/2802
2804,Linen Wedge Cap of Crafting,Sir Pizz,7000,1,2024-04-19T21:09:46.000Z,https://universalis.app/market/2804
2805,Linen Wedge Cap of Gathering,Aspen Winterfield,20000,1,2024-04-24T21:32:03.000Z,https://universalis.app/market/2805
2806,Woolen Coif,Violet Anna,50000,1,2024-04-23T23:27:21.000Z,https://universalis.app/market/2806
5328,Undyed Woolen Cloth,Tasheem Sangare,9000,1,2024-04-28T19:34:34.000Z,https://universalis.app/market/5328
2808,Woolen Coif of Gathering,Cardi Hi-c,35500,1,2024-05-02T02:29:04.000Z,https://universalis.app/market/2808
2810,Woolen Turban,Mike Sims,15000,1,2024-05-04T08:32:53.000Z,https://universalis.app/market/2810
2812,Mythril Celata,Tsugumi Abumin,30046,1,2024-04-20T21:22:41.000Z,https://universalis.app/market/2812
5089,Mythril Rings,Karasu Gremory,2000,1,2024-04-20T23:14:40.000Z,https://universalis.app/market/5089
2814,Woolen Hat,Sottomessa Kitten,25000,1,2024-04-13T13:14:21.000Z,https://universalis.app/market/2814
2816,Linen Deerstalker,Wuotrael Loetmothwyd,30000,1,2024-04-12T03:47:28.000Z,https://universalis.app/market/2816
2817,Mythril Barbut,Axel Pucarus,23049,1,2024-04-14T15:07:34.000Z,https://universalis.app/market/2817
2819,Mythril Mesail,Willow Riversong,24000000,1,2024-04-22T03:08:16.000Z,https://universalis.app/market/2819
2825,Ranger's Hat,Saya Neko-chan,1900,1,2024-04-17T04:47:28.000Z,https://universalis.app/market/2825
2827,Mythril Chain Coif,Jean-paul Frogtre,15940,1,2024-05-07T20:40:21.000Z,https://universalis.app/market/2827
2829,Woolen Beret,Daria Durami,55555,1,2024-04-23T04:35:57.000Z,https://universalis.app/market/2829
5348,Apkallu Down,Senna Ashido,3000,8,2024-05-04T09:13:44.000Z,https://universalis.app/market/5348
2830,Reinforced Mythril Elmo,Sager Step-on-me,55555,1,2024-04-27T01:31:51.000Z,https://universalis.app/market/2830
2832,Woolen Cavalier's Hat,Yuki Kuhaku,32500000,1,2024-04-16T04:50:34.000Z,https://universalis.app/market/2832
2834,Cobalt Preserves,Xau Relanah,55500,1,2024-04-29T02:46:26.000Z,https://universalis.app/market/2834
2835,Felt Coif,Mother Knows'best,5000,1,2024-04-23T06:26:25.000Z,https://universalis.app/market/2835
2837,Felt Coif of Gathering,Vivii Higanbana,19900,1,2024-04-18T18:25:34.000Z,https://universalis.app/market/2837
2850,Cobalt Elmo,Khloe Blueberry,19979,1,2024-04-25T04:17:43.000Z,https://universalis.app/market/2850
2852,Felt Hat,Aeyma Yelho,25000,1,2024-04-22T21:18:51.000Z,https://universalis.app/market/2852
2854,Woolen Deerstalker,Melody Rains,14000,1,2024-04-18T14:32:59.000Z,https://universalis.app/market/2854
2855,Vintage Jester's Cap,Nithrin Gorthrit,50000,1,2024-04-27T03:54:20.000Z,https://universalis.app/market/2855
2857,Electrum Monocle,Meteor Finalfantasy,99999,1,2024-04-29T04:27:08.000Z,https://universalis.app/market/2857
5087,Brass Rings,Sycella Morning,700,99,2024-04-27T08:45:04.000Z,https://universalis.app/market/5087
2859,Cobalt Barbut,Titan Tiddies,9500,1,2024-04-13T17:37:00.000Z,https://universalis.app/market/2859
2861,Cobalt Mesail,Daria Durami,50000,1,2024-04-25T17:50:41.000Z,https://universalis.app/market/2861
2862,Raptorskin Pot Helm,Juno Hoslow,24999,1,2024-05-03T11:29:40.000Z,https://universalis.app/market/2862
2870,Electrum Circlet (Rubellite),Autumn Drake,22500,1,2024-04-17T21:58:28.000Z,https://universalis.app/market/2870
2872,Electrum Circlet (Zircon),Hawaiian Punch,20000,1,2024-04-20T21:10:13.000Z,https://universalis.app/market/2872
2874,Electrum Circlet (Tourmaline),Tako Choo,4849,1,2024-04-16T05:31:33.000Z,https://universalis.app/market/2874
2876,Electrum Circlet (Amber),Caelynn Lynwood,30500,1,2024-05-02T10:12:02.000Z,https://universalis.app/market/2876
2878,Electrum Circlet (Spinel),Hawaiian Punch,55555,1,2024-04-20T21:10:02.000Z,https://universalis.app/market/2878
2880,Electrum Circlet (Turquoise),Vagabond Varr,1999,1,2024-04-25T04:05:57.000Z,https://universalis.app/market/2880
2882,Rainmaker's Hat,Dedi Mposter,33999,1,2024-05-05T21:25:10.000Z,https://universalis.app/market/2882
2884,Cobalt Chain Coif,Syeira Strongshield,25019,1,2024-04-21T22:35:08.000Z,https://universalis.app/market/2884
5084,Cobalt Rings,Myi' Ke,1250,4,2024-04-27T18:02:35.000Z,https://universalis.app/market/5084
2886,Felt Beret,Rieva Marchal,42490,1,2024-04-27T01:37:24.000Z,https://universalis.app/market/2886
2888,Vintage Coif,Drake Eldritch,10000,1,2024-04-18T17:11:08.000Z,https://universalis.app/market/2888
2759,Torn Coif,Nmaster Nick,1500,1,2024-04-27T00:32:43.000Z,https://universalis.app/market/2759
2889,Cobalt Celata,Riso Rhiki,1699,1,2024-04-22T21:33:14.000Z,https://universalis.app/market/2889
2891,Felt Cavalier's Hat,Mori Granhiert,38500,1,2024-04-12T18:10:47.000Z,https://universalis.app/market/2891
2893,Cobalt Sallet,Lost Mans,50000,1,2024-04-24T23:34:02.000Z,https://universalis.app/market/2893
2895,Patrician's Wedge Cap,Karru Fryst,50000,1,2024-04-30T12:14:43.000Z,https://universalis.app/market/2895
2911,Militia Barbut,Malik Thorne,99999,1,2024-04-18T16:17:18.000Z,https://universalis.app/market/2911
2912,Militia Armet,Oteekiq Von,2296,1,2024-04-19T10:22:22.000Z,https://universalis.app/market/2912
2913,Militia Hat,Mando Lorien,2474,1,2024-04-15T01:17:55.000Z,https://universalis.app/market/2913
2915,Silver Tricorne,Rory Grimms,16057,1,2024-04-21T08:31:00.000Z,https://universalis.app/market/2915
5287,Uraeus Leather,Misa Khampo,19999,2,2024-04-15T17:20:10.000Z,https://universalis.app/market/5287
2920,Carpenter's Hood,Mosette Auzonir,7990,1,2024-04-23T16:42:56.000Z,https://universalis.app/market/2920
2921,Blacksmith's Goggles,Zendus Pendragon,19999,1,2024-04-14T16:16:01.000Z,https://universalis.app/market/2921
2922,Armorer's Visor,Nick Miller,13000,1,2024-04-17T03:03:35.000Z,https://universalis.app/market/2922
2923,Goldsmith's Turban,Yuki Oda,14400,1,2024-04-14T10:54:00.000Z,https://universalis.app/market/2923
2924,Leatherworker's Hat,Fiona Blazes,19872,1,2024-04-13T22:38:00.000Z,https://universalis.app/market/2924
2925,Weaver's Gibus,Alastor Kaplan,19998,1,2024-04-16T01:31:29.000Z,https://universalis.app/market/2925
2926,Alchemist's Monocle,Toriel Dremerr,30000,1,2024-04-29T00:57:02.000Z,https://universalis.app/market/2926
2927,Culinarian's Hat,Licoco Lico,19000,1,2024-04-29T20:38:25.000Z,https://universalis.app/market/2927
2928,Hamlet Digger's Helmet,Aelric Gunnar,30000,1,2024-04-16T04:32:35.000Z,https://universalis.app/market/2928
2929,Hamlet Cutter's Hat,Lady Fluff,30000,1,2024-04-19T12:59:48.000Z,https://universalis.app/market/2929
2930,Hamlet Puller's Hat,Artorius Lionheart,45000,1,2024-05-02T06:56:32.000Z,https://universalis.app/market/2930
2932,Rose Gold Circlet,Riha Kishimoto,1200,1,2024-04-22T05:40:40.000Z,https://universalis.app/market/2932
2931,Legionary Visor,Lizet Neverwinter,395,1,2024-04-21T18:44:06.000Z,https://universalis.app/market/2931
5067,Rose Gold Ingot,Kirarose Snow,2750,15,2024-04-19T02:02:03.000Z,https://universalis.app/market/5067
2933,Imperial Operative Tricorne,Willow Raidersong,8998,1,2024-04-16T19:42:32.000Z,https://universalis.app/market/2933
2938,Gryphonskin Bandana,Lekaka Leka,1900,1,2024-04-26T20:24:38.000Z,https://universalis.app/market/2938
5289,Hard Hippogryph Leather,Neo Cadenza,9001,1,2024-05-06T02:25:42.000Z,https://universalis.app/market/5289
2939,Gryphonskin Hat,Willow Raidersong,9000,1,2024-04-16T19:42:13.000Z,https://universalis.app/market/2939
2940,Darksteel Chain Coif,Eric Theskum,7983,1,2024-04-19T06:59:23.000Z,https://universalis.app/market/2940
5085,Darksteel Rings,Silvester Zephyrinus,1000,1,2024-04-21T05:11:58.000Z,https://universalis.app/market/5085
2941,Vanya Hat of Casting,Dragonslayer Dan,25400,1,2024-04-14T01:25:37.000Z,https://universalis.app/market/2941
5577,Vanya Silk Hat Lining,Didrianna Winterset,1999,2,2024-04-13T00:15:53.000Z,https://universalis.app/market/5577
2942,Vanya Hat of Healing,Miniko Mew,2298,1,2024-04-18T06:47:27.000Z,https://universalis.app/market/2942
2958,Hempen Dalmatica,Mix Wovenheart,2003,1,2024-04-22T00:10:01.000Z,https://universalis.app/market/2958
2959,Hempen Dalmatica of Gathering,Veena Irumiel,203,1,2024-05-03T15:43:51.000Z,https://universalis.app/market/2959
2960,Hempen Tunic,Fuyu Hanako,35000000,1,2024-05-04T23:10:26.000Z,https://universalis.app/market/2960
2961,Hempen Kurta,Clown Chan,35000000,1,2024-04-20T13:46:46.000Z,https://universalis.app/market/2961
2993,Company Tabard,Wonker Doodle,1494999,1,2024-04-26T23:23:12.000Z,https://universalis.app/market/2993
2996,Hempen Undershirt,Sam Yunalesca,550,1,2024-04-27T15:52:31.000Z,https://universalis.app/market/2996
2997,Hempen Camise,Amber Sil'feria,55640000,1,2024-05-02T20:41:49.000Z,https://universalis.app/market/2997
2999,Hempen Tabard,Ciaran Camoa,10003,1,2024-04-13T01:45:57.000Z,https://universalis.app/market/2999
3000,Hempen Cowl,Miyako Algizyr,5006,1,2024-04-30T17:34:51.000Z,https://universalis.app/market/3000
3001,Hempen Shepherd's Tunic,Lian Horeath,40000,1,2024-04-24T14:20:37.000Z,https://universalis.app/market/3001
3008,Hempen Acton,Tanya Von-degurechaff,4500,1,2024-04-18T22:00:55.000Z,https://universalis.app/market/3008
5341,Moko Grass,Mocha Roundbottom,800,2,2024-04-26T20:36:47.000Z,https://universalis.app/market/5341
3010,Hempen Halfrobe,Julie Berry,6004,1,2024-04-29T04:26:14.000Z,https://universalis.app/market/3010
3011,Bronze Haubergeon,Miana Himeko,2000,1,2024-05-01T07:24:36.000Z,https://universalis.app/market/3011
3013,Amateur's Doublet Vest,Rose Gwynevere,6000,1,2024-04-19T02:13:56.000Z,https://universalis.app/market/3013
3014,Amateur's Kurta,Heart Moo,20,1,2024-04-20T06:38:04.000Z,https://universalis.app/market/3014
3015,Amateur's Dalmatica,Kai Hastur,19000000,1,2024-04-13T20:05:23.000Z,https://universalis.app/market/3015
3016,Leather Jacket,Lailah Lamassu,1507,1,2024-04-16T23:15:42.000Z,https://universalis.app/market/3016
3017,Hard Leather Harness,Lailah Lamassu,9000,1,2024-04-17T00:24:51.000Z,https://universalis.app/market/3017
3018,Hempen Robe,Bonnie Mcmurray,5009,1,2024-04-29T21:55:21.000Z,https://universalis.app/market/3018
3019,Hempen Doublet Vest of Crafting,Medoh Meshi,4009,1,2024-05-01T09:00:27.000Z,https://universalis.app/market/3019
3020,Hempen Doublet Vest of Gathering,Ash Takemura,25000,1,2024-04-20T00:00:07.000Z,https://universalis.app/market/3020
3022,Cotton Shirt,Arumat Dotharl,10011,1,2024-04-18T20:34:34.000Z,https://universalis.app/market/3022
3023,Cotton Shepherd's Tunic,Kyo Nanami,46011,1,2024-04-15T21:29:43.000Z,https://universalis.app/market/3023
3024,Cotton Cowl,Jeranis Liran,40000,1,2024-04-18T01:37:08.000Z,https://universalis.app/market/3024
3026,Bronze Cuirass,Wax-on Wax-off,7011,1,2024-05-06T20:14:58.000Z,https://universalis.app/market/3026
3028,Cotton Tabard,Sumi Jizutsu,14000,1,2024-04-18T01:18:47.000Z,https://universalis.app/market/3028
3036,Cotton Dalmatica,Tiny Mardreas,5015,1,2024-04-29T03:17:55.000Z,https://universalis.app/market/3036
3038,Cotton Dalmatica of Gathering,Nawdie D'fun,15000,1,2024-04-30T22:41:46.000Z,https://universalis.app/market/3038
3039,Cotton Acton,Dazaii Osamu,14995,1,2024-05-03T13:30:44.000Z,https://universalis.app/market/3039
3041,Cotton Kurta,Crayola Knight,1000,1,2024-04-29T03:08:30.000Z,https://universalis.app/market/3041
3043,Goatskin Jacket,Axel Helix,30,1,2024-04-12T17:08:59.000Z,https://universalis.app/market/3043
3045,Iron Cuirass,Sire Mingala,8000,1,2024-04-21T21:08:05.000Z,https://universalis.app/market/3045
3050,Cotton Halfrobe,Ifritson Firedude,5019,1,2024-05-03T20:48:10.000Z,https://universalis.app/market/3050
3052,Cotton Doublet Vest of Crafting,Wuotrael Loetmothwyd,49999,1,2024-04-12T02:14:26.000Z,https://universalis.app/market/3052
3053,Cotton Doublet Vest of Gathering,Xeos Xeor,40000,1,2024-04-18T17:46:02.000Z,https://universalis.app/market/3053
3057,Iron Scale Mail,Verinai Martichoras,25000,1,2024-04-17T14:06:27.000Z,https://universalis.app/market/3057
3060,Cotton Trapper's Tunic,Midnight Fantasy,8001,1,2024-04-26T23:19:47.000Z,https://universalis.app/market/3060
3062,Cotton Robe,Rhela Lanbatal,1500,1,2024-04-27T18:43:58.000Z,https://universalis.app/market/3062
3064,Initiate's Doublet Vest,Suvd Tumet,12000,1,2024-04-13T23:41:39.000Z,https://universalis.app/market/3064
3065,Initiate's Gown,Magic Mouse,1999,1,2024-05-02T04:26:11.000Z,https://universalis.app/market/3065
3066,Velveteen Shirt,Lailah Lamassu,16029,1,2024-04-17T02:42:32.000Z,https://universalis.app/market/3066
3068,Heavy Iron Armor,Kumiko Sagan,5000000,1,2024-05-04T04:12:24.000Z,https://universalis.app/market/3068
3076,Vintage Coatee,Iriq Gyojii,19800,1,2024-04-12T23:36:04.000Z,https://universalis.app/market/3076
3009,Moth-eaten Coatee,Grimm Sylverblood,9999,1,2024-04-21T17:36:56.000Z,https://universalis.app/market/3009
3077,Velveteen Coatee of Crafting,J'azhi Risee,21000,1,2024-04-14T05:05:06.000Z,https://universalis.app/market/3077
3090,Velveteen Cowl,Shozai Honzai,21930,1,2024-04-19T14:23:06.000Z,https://universalis.app/market/3090
3092,Velveteen Coatee of Gathering,Midna Tenebrae,39990,1,2024-04-21T02:15:49.000Z,https://universalis.app/market/3092
3096,Steel Chainmail,Scarlett O'rose,53000,1,2024-04-23T02:55:41.000Z,https://universalis.app/market/3096
5083,Steel Rings,Naruellia Preswynn,500,6,2024-04-13T12:18:17.000Z,https://universalis.app/market/5083
3099,Toadskin Jerkin,Thalxin Rasbroth,17041,1,2024-04-16T18:42:44.000Z,https://universalis.app/market/3099
3100,Toadskin Jacket,Kairoz Ymir,39975,1,2024-04-14T15:09:55.000Z,https://universalis.app/market/3100
3102,Steel Cuirass,Usar Gharl,4000000,1,2024-04-22T21:23:00.000Z,https://universalis.app/market/3102
3104,Velveteen Gown,Mesa Boogie,9973,1,2024-04-18T02:54:16.000Z,https://universalis.app/market/3104
3105,Vintage Doublet Vest,Ced Fitoria,34999,1,2024-05-03T21:11:32.000Z,https://universalis.app/market/3105
2998,Frayed Cotton Doublet Vest,Demon Rush,5000,1,2024-04-26T12:23:32.000Z,https://universalis.app/market/2998
3106,Velveteen Robe,Baatu Ura,14800,1,2024-04-25T01:07:13.000Z,https://universalis.app/market/3106
3118,Steel Scale Mail,Balen Akadian,25000,1,2024-04-23T21:18:48.000Z,https://universalis.app/market/3118
3120,Velveteen Doublet Vest of Crafting,Trevor Glad,30000,1,2024-04-14T03:19:53.000Z,https://universalis.app/market/3120
3121,Velveteen Doublet Vest of Gathering,Guillefresn Vairemont,35500,1,2024-04-23T07:21:30.000Z,https://universalis.app/market/3121
3125,Linen Shirt,Kairoz Ymir,19975,1,2024-04-14T15:17:20.000Z,https://universalis.app/market/3125
3127,Heavy Steel Armor,Versai Tenebria,33060,1,2024-04-19T23:53:19.000Z,https://universalis.app/market/3127
3131,Linen Robe,Mathis Highwind,25000,1,2024-04-17T06:23:01.000Z,https://universalis.app/market/3131
3137,Vintage Chef's Apron,Akane Kiyomi,49999,1,2024-05-07T10:08:54.000Z,https://universalis.app/market/3137
3012,Stained Chef's Apron,Nocette Joulioud,70000,1,2024-04-14T16:48:12.000Z,https://universalis.app/market/3012
3138,Boarskin Harness,Sirrion Dragonfang,50000,1,2024-04-20T06:37:00.000Z,https://universalis.app/market/3138
3140,Linen Cowl,Rykoga Dreadstone,20000,1,2024-05-08T06:31:37.000Z,https://universalis.app/market/3140
3142,Horn Scale Mail,Jean-paul Frogtre,30068,1,2024-05-07T00:36:17.000Z,https://universalis.app/market/3142
3144,Linen Coatee of Crafting,Versai Tenebria,50000,1,2024-05-04T20:53:27.000Z,https://universalis.app/market/3144
3145,Linen Coatee of Gathering,Sin Valentine,50000,1,2024-05-01T18:27:11.000Z,https://universalis.app/market/3145
3146,Linen Bliaud,Bonnie Mcmurray,40070,1,2024-04-30T05:03:08.000Z,https://universalis.app/market/3146
3147,Woolen Shirt,Lilith Merlskyfwyn,50000,1,2024-05-05T03:23:14.000Z,https://universalis.app/market/3147
3149,Mythril Cuirass,Aris Nox,39988,1,2024-04-30T16:51:30.000Z,https://universalis.app/market/3149
3160,Woolen Robe,Aran Iseterre,40077,1,2024-04-28T23:24:49.000Z,https://universalis.app/market/3160
3162,Linen Smock,Wuotrael Loetmothwyd,30000,1,2024-04-12T03:47:45.000Z,https://universalis.app/market/3162
3163,Linen Doublet,Kraze Norrix,30000,1,2024-04-28T00:29:42.000Z,https://universalis.app/market/3163
3164,Vintage Scale Mail,Ab Normal,29987,1,2024-05-02T00:06:56.000Z,https://universalis.app/market/3164
3021,Blackened Scale Mail,Vebvi'vi Di'vici,560,1,2024-04-26T11:02:32.000Z,https://universalis.app/market/3021
3165,Peisteskin Harness,Eucliwood Helscythe,30000,1,2024-04-17T01:52:38.000Z,https://universalis.app/market/3165
3172,Ranger's Tunic,Rivv Amolen,20000,1,2024-04-13T22:25:20.000Z,https://universalis.app/market/3172
3174,Mythril Haubergeon,Fin Dei-ijla,35004,1,2024-04-17T22:07:26.000Z,https://universalis.app/market/3174
3176,Woolen Gown,Shi Yi,55555,1,2024-04-15T17:59:13.000Z,https://universalis.app/market/3176
3177,Boarskin Jerkin,Lost Mans,40000,1,2024-05-03T10:51:41.000Z,https://universalis.app/market/3177
3178,Woolen Bliaud,Petra Iscarriot,1679,1,2024-05-04T19:42:02.000Z,https://universalis.app/market/3178
3180,High Mythril Armor,Khloe Blueberry,30000,1,2024-04-24T06:45:08.000Z,https://universalis.app/market/3180
3182,Vintage Seneschal Coatee,Nick Miller,99000,1,2024-04-17T01:22:53.000Z,https://universalis.app/market/3182
3098,Moth-eaten Seneschal Coatee,Nmaster Nick,4999,1,2024-04-27T00:31:39.000Z,https://universalis.app/market/3098
3183,Tortoiseshell Scale Mail,Tsugumi Abumin,32990,1,2024-04-23T20:19:34.000Z,https://universalis.app/market/3183
3185,Felt Robe,G'kar Valen,20000,1,2024-05-01T01:40:50.000Z,https://universalis.app/market/3185
3187,Woolen Smock,Inimini Miniemoe,12000,1,2024-04-24T17:01:06.000Z,https://universalis.app/market/3187
3188,Woolen Doublet,Dazaii Osamu,27999,1,2024-04-28T06:16:26.000Z,https://universalis.app/market/3188
3191,Raptorskin Harness,Ameline Vendhen,19000,1,2024-04-15T15:27:15.000Z,https://universalis.app/market/3191
3193,Woolen Cowl,Shane Highwind,5000,1,2024-05-03T04:19:37.000Z,https://universalis.app/market/3193
3201,Rainmaker's Tunic,Korin Lareneth,49994,1,2024-04-29T15:35:18.000Z,https://universalis.app/market/3201
3203,Cobalt Haubergeon,Kiwi Tea,65000,1,2024-05-08T09:21:28.000Z,https://universalis.app/market/3203
3205,Felt Gown,Suvd Tumet,18902,1,2024-04-18T18:26:02.000Z,https://universalis.app/market/3205
3206,Raptorskin Jerkin,Xhadow Toxin,44444,1,2024-04-15T16:27:49.000Z,https://universalis.app/market/3206
3208,Vintage Robe,Aster Felwyn,29998,1,2024-04-14T08:49:15.000Z,https://universalis.app/market/3208
3108,Tattered Robe,Nmaster Nick,2772,1,2024-04-27T00:34:59.000Z,https://universalis.app/market/3108
3209,Cobalt Cuirass,Apollo Coyopa,8105,1,2024-04-24T01:55:37.000Z,https://universalis.app/market/3209
3211,Felt Bliaud,Spine Grinder,49246,1,2024-04-30T06:16:51.000Z,https://universalis.app/market/3211
3213,Raptorskin Jacket,Eluna Wormwood,22999,1,2024-04-30T20:18:54.000Z,https://universalis.app/market/3213
3215,Patrician's Coatee,Vhaso Ljanta,55109,1,2024-04-16T14:09:57.000Z,https://universalis.app/market/3215
3218,Vintage Haubergeon,Mike Sims,40000,1,2024-05-03T10:42:03.000Z,https://universalis.app/market/3218
3059,Ripped Haubergeon,Yozora Rose,900,1,2024-04-13T19:47:23.000Z,https://universalis.app/market/3059
3229,Carpenter's Gown,Catgirl Waifu,12996,1,2024-04-17T16:35:20.000Z,https://universalis.app/market/3229
3230,Blacksmith's Apron,Sire Mingala,65000,1,2024-04-16T01:49:19.000Z,https://universalis.app/market/3230
3233,Leatherworker's Shirt,Maximilion Pegasus,34000,1,2024-04-25T16:45:39.000Z,https://universalis.app/market/3233
3234,Weaver's Swallowtail,Demonwrath Deathreign,23997,1,2024-04-28T04:38:18.000Z,https://universalis.app/market/3234
3235,Alchemist's Coat,Cipher Belle,28000,1,2024-04-13T19:36:57.000Z,https://universalis.app/market/3235
3236,Culinarian's Apron,Cloudy Vibes,80000,1,2024-05-02T06:06:08.000Z,https://universalis.app/market/3236
3237,Miner's Shirt,Nula Nula,56000,1,2024-05-03T23:49:57.000Z,https://universalis.app/market/3237
3238,Botanist's Doublet,Nat Ponza,60000,1,2024-04-12T23:40:40.000Z,https://universalis.app/market/3238
3239,Fisher's Shirt,Raiatea Klawsakova,100297,1,2024-04-18T03:24:42.000Z,https://universalis.app/market/3239
3240,Militia Robe,Caia Petri,1453,1,2024-04-28T08:51:33.000Z,https://universalis.app/market/3240
3241,Militia Cuirass,Esther Keshet,3119,1,2024-04-15T13:32:55.000Z,https://universalis.app/market/3241
3242,Militia Harness,Luna Elara,38998,1,2024-04-21T02:14:16.000Z,https://universalis.app/market/3242
3243,Mosshorn Scale Mail,Juno Hoslow,12099,1,2024-05-03T11:29:49.000Z,https://universalis.app/market/3243
5437,Mossy Horn,Makoto Aino,300,2,2024-04-26T04:17:41.000Z,https://universalis.app/market/5437
3244,Dodore Doublet,Khojin Izuki,35000,1,2024-04-15T09:47:24.000Z,https://universalis.app/market/3244
5286,Dodore Leather,Scarlett Payne,5800,2,2024-04-27T19:12:13.000Z,https://universalis.app/market/5286
3249,Imperial Operative Dalmatica,Seivel Karok,14995,1,2024-04-19T15:24:02.000Z,https://universalis.app/market/3249
3256,Heavy Darksteel Armor,Ciaran Camoa,19999,1,2024-05-04T20:13:53.000Z,https://universalis.app/market/3256
