id,name,buyerName,pricePerUnit,quantity,timestamp,universalisUrl
1602,Bronze Bastard Sword,Sorren Leveion,20000000,1,2023-12-29T20:07:27.000Z,https://universalis.app/market/1602
2,Fire Shard,Dreamdog Chihuahua,175,55,2023-12-31T11:21:44.000Z,https://universalis.app/market/2
5,Earth Shard,Alosin Clarygin,175,55,2024-01-04T23:22:47.000Z,https://universalis.app/market/5
5056,Bronze Ingot,Gerald Ridea,990,1,2023-12-26T21:47:22.000Z,https://universalis.app/market/5056
5361,Maple Lumber,Finwick Shorttail,300,1,2023-12-31T08:50:57.000Z,https://universalis.app/market/5361
5432,Bone Chip,Orion Wil'o,201,4,2024-01-10T20:42:58.000Z,https://universalis.app/market/5432
1603,Viking Sword,Tabius Korinthos,19999,1,2024-01-07T19:14:08.000Z,https://universalis.app/market/1603
5275,Leather,Myren Astaseul,755,1,2023-12-19T23:40:04.000Z,https://universalis.app/market/5275
1604,Ash Macuahuitl,Raelyn Brynn,15000000,1,2023-12-21T02:50:38.000Z,https://universalis.app/market/1604
3,Ice Shard,Aric Leifur,94,2000,2024-01-11T02:08:41.000Z,https://universalis.app/market/3
4,Wind Shard,Isnerd Errorcode,85,500,2024-01-07T04:04:45.000Z,https://universalis.app/market/4
5124,Obsidian,Yuki Fuyuno,250,2,2024-01-13T09:37:47.000Z,https://universalis.app/market/5124
5364,Ash Lumber,Naruto Vowels,15001,3,2024-01-07T02:33:07.000Z,https://universalis.app/market/5364
1605,Bronze Spatha,Gammma Inkk,4000,1,2024-01-12T07:49:42.000Z,https://universalis.app/market/1605
5276,Hard Leather,Zeitgeist Hyuga,500,1,2024-01-07T16:54:51.000Z,https://universalis.app/market/5276
5434,Ram Horn,Kiiffi Kriggs,250,20,2023-12-23T07:45:27.000Z,https://universalis.app/market/5434
1607,Brass Bastard Sword,Septa Lustramina,2999,1,2023-12-29T20:20:25.000Z,https://universalis.app/market/1607
5063,Brass Ingot,Alosin Clarygin,2000,5,2024-01-08T15:06:42.000Z,https://universalis.app/market/5063
1609,Brass Viking Sword,Alys Rokuyari,3000,1,2023-12-19T02:47:48.000Z,https://universalis.app/market/1609
5277,Aldgoat Leather,Yuber Zamza,20000,2,2024-01-12T22:26:32.000Z,https://universalis.app/market/5277
1611,Carnage Sword,Navarre Holt,480,1,2023-12-26T14:57:40.000Z,https://universalis.app/market/1611
1614,Iron Shortsword,Laqima Azzy,1016,1,2024-01-05T21:31:19.000Z,https://universalis.app/market/1614
5057,Iron Ingot,Kokojinn Zazajinn,702,1,2024-01-12T04:18:03.000Z,https://universalis.app/market/5057
5367,Elm Lumber,Willy Again,1500,20,2023-12-24T16:53:22.000Z,https://universalis.app/market/5367
1622,Iron Spatha,Laqima Azzy,1000,1,2024-01-08T02:13:51.000Z,https://universalis.app/market/1622
5435,Antelope Horn,Ninako Yasu,2000,10,2024-01-05T23:34:53.000Z,https://universalis.app/market/5435
1625,Steel Broadsword,Everly Aurora,20000,1,2023-12-20T22:58:07.000Z,https://universalis.app/market/1625
5058,Steel Ingot,Maria Noob,9999,5,2024-01-08T18:22:17.000Z,https://universalis.app/market/5058
5371,Walnut Lumber,Maria Noob,4000,3,2024-01-08T16:49:13.000Z,https://universalis.app/market/5371
5444,Wolf Fang,Periana Sootleaf,1500,78,2024-01-06T00:31:02.000Z,https://universalis.app/market/5444
1627,Elm Macuahuitl,Caleina Hidashi,1000,1,2023-12-18T23:46:47.000Z,https://universalis.app/market/1627
1633,Steel Falchion,Laqima Azzy,16250,1,2024-01-10T22:44:38.000Z,https://universalis.app/market/1633
5260,Siltstone Whetstone,Ninako Yasu,9999,20,2024-01-06T00:09:40.000Z,https://universalis.app/market/5260
1635,Vintage Bastard Sword,Lucine Kurage,23998,1,2023-12-19T20:24:18.000Z,https://universalis.app/market/1635
8,Fire Crystal,Feanor Ilumire,100,2400,2024-01-07T19:28:26.000Z,https://universalis.app/market/8
1606,Blunt Bastard Sword,Princess Valiana,10000,1,2023-12-19T01:12:27.000Z,https://universalis.app/market/1606
5259,Mudstone Whetstone,Kayuza Yayreza,2500,1,2024-01-02T07:58:01.000Z,https://universalis.app/market/5259
1637,Walnut Macuahuitl,Halala Masala,20000,1,2024-01-09T23:56:15.000Z,https://universalis.app/market/1637
5125,Wyvern Obsidian,Petrichor Tia,5000,1,2024-01-01T02:37:59.000Z,https://universalis.app/market/5125
1639,Steel Longsword,Everly Aurora,9999,1,2023-12-27T21:08:21.000Z,https://universalis.app/market/1639
5504,Fish Glue,Haku Momochi,4000,10,2024-01-13T08:01:08.000Z,https://universalis.app/market/5504
1642,Goblin Scimitar,Altenorin Sophonis,7491,1,2024-01-12T23:56:22.000Z,https://universalis.app/market/1642
1643,Mythril Broadsword,Stalwart Soul,26000,1,2024-01-01T23:24:12.000Z,https://universalis.app/market/1643
5065,Mythril Ingot,Punished Demon,2020,33,2024-01-06T05:08:12.000Z,https://universalis.app/market/5065
5373,Oak Lumber,Aryian Cosmic,2000,1,2024-01-04T21:48:15.000Z,https://universalis.app/market/5373
1648,Vintage Viking Sword,Ouka Ootori,5000,1,2024-01-07T21:19:57.000Z,https://universalis.app/market/1648
11,Earth Crystal,Azreal Vren,200,100,2024-01-03T00:37:23.000Z,https://universalis.app/market/11
1616,Nicked Viking Sword,Koznhevikova Rhiikoro,14900,1,2023-12-29T07:51:37.000Z,https://universalis.app/market/1616
1649,Goblin Longsword,Tayto Potato,19000,1,2024-01-08T05:06:27.000Z,https://universalis.app/market/1649
1621,Blunt Goblin Longsword,Alex Falkner,49,1,2024-01-06T01:06:56.000Z,https://universalis.app/market/1621
5262,Basilisk Whetstone,Estella Stormstar,1001,1,2023-12-18T03:44:39.000Z,https://universalis.app/market/5262
1650,Plumed Oak Macuahuitl,Tiny Convict,5000,1,2023-12-21T01:29:08.000Z,https://universalis.app/market/1650
5360,Wildfowl Feather,Sin Corazon,2000,2,2023-12-28T16:13:44.000Z,https://universalis.app/market/5360
1657,Cobalt Katzbalger,Fenris Odinsbane,23000,1,2023-12-21T03:11:15.000Z,https://universalis.app/market/1657
5059,Cobalt Ingot,Aleksandar Corsain,18000,1,2023-12-27T04:42:17.000Z,https://universalis.app/market/5059
5066,Electrum Ingot,Kalvari Nightstalk,18000,3,2023-12-25T22:49:35.000Z,https://universalis.app/market/5066
5282,Boar Leather,Winters Snowfall,18000,1,2023-12-19T06:04:51.000Z,https://universalis.app/market/5282
1659,Cobalt Shamshir,Zelda Uesugi,49999,1,2024-01-09T01:11:35.000Z,https://universalis.app/market/1659
5436,Aldgoat Horn,Kayuza Yayreza,5000,2,2024-01-03T11:36:28.000Z,https://universalis.app/market/5436
1663,Cobalt Winglet,Beer Pup,49999,1,2023-12-20T05:26:02.000Z,https://universalis.app/market/1663
5374,Mahogany Lumber,Ienzo Gunji,500000,1,2024-01-14T10:47:10.000Z,https://universalis.app/market/5374
5465,Sunrise Tellin,Dopple Colors,990,22,2023-12-23T04:15:20.000Z,https://universalis.app/market/5465
5505,Horn Glue,Estella Stormstar,10700,1,2023-12-18T03:44:06.000Z,https://universalis.app/market/5505
1666,Giantsgall Longsword,Misti Dragonsfire,4910,1,2023-12-18T01:15:27.000Z,https://universalis.app/market/1666
18,Lightning Cluster,Amber Wood,350,600,2024-01-08T20:10:17.000Z,https://universalis.app/market/18
19,Water Cluster,Tiamat Dragonhart,800,100,2023-12-28T02:15:18.000Z,https://universalis.app/market/19
7579,Mossy Stone Sword,Zim Invader,14,2,2023-12-20T02:40:40.000Z,https://universalis.app/market/7579
7620,Diluted Vitriol,Luluru Noluru,398,2,2023-12-20T06:42:01.000Z,https://universalis.app/market/7620
1670,Aeolian Scimitar,Jacob Rosfield,59999,1,2024-01-13T18:45:34.000Z,https://universalis.app/market/1670
1636,Blunt Aeolian Scimitar,Ms Eldari,3898,1,2023-12-27T04:28:11.000Z,https://universalis.app/market/1636
5061,Darksteel Nugget,Atli Asterale,3500,1,2023-12-23T03:51:33.000Z,https://universalis.app/market/5061
1673,Mailbreaker,Zoran Mithrogar,6999,1,2024-01-08T15:30:22.000Z,https://universalis.app/market/1673
14,Fire Cluster,Zero Amiya,359,300,2023-12-28T20:00:17.000Z,https://universalis.app/market/14
17,Earth Cluster,Shin Black,301,126,2024-01-12T00:59:31.000Z,https://universalis.app/market/17
5068,Rose Gold Nugget,Lylac Winter,3333,2,2023-12-27T23:04:23.000Z,https://universalis.app/market/5068
5288,Hippogryph Leather,Maki Mitaka,4599,1,2023-12-28T07:20:37.000Z,https://universalis.app/market/5288
5570,Mailbreaker Blade,Bell Pepper,2099,1,2024-01-10T17:17:16.000Z,https://universalis.app/market/5570
1681,Bone Hora,Eric Tam,20005,1,2024-01-09T01:41:58.000Z,https://universalis.app/market/1681
5318,Animal Sinew,Lenlenni Leni,200,21,2024-01-13T05:54:52.000Z,https://universalis.app/market/5318
1682,Leather Himantes,Kairo Orben,6000,1,2023-12-21T06:09:51.000Z,https://universalis.app/market/1682
5324,Undyed Hempen Cloth,Naruto Vowels,300,12,2023-12-26T00:05:41.000Z,https://universalis.app/market/5324
1683,Ramhorn Claws,Anghara Indigo,8008,1,2023-12-20T11:47:07.000Z,https://universalis.app/market/1683
1684,Bronze Knuckles,Ildstorm Djt-dvre,7500,1,2023-12-23T13:02:54.000Z,https://universalis.app/market/1684
1685,Hard Leather Himantes,Makeout Point,150,1,2023-12-23T04:11:03.000Z,https://universalis.app/market/1685
1686,Brass Knuckles,Remy Stark,5000,1,2024-01-10T20:09:37.000Z,https://universalis.app/market/1686
1688,Goatskin Cesti,Averill Maldiore,1000016,1,2023-12-19T00:37:59.000Z,https://universalis.app/market/1688
5319,Beast Sinew,Vermilion Cosmos,300,3,2024-01-12T19:54:16.000Z,https://universalis.app/market/5319
1694,Spiked Knuckles,Amunaptra Atem,2000,1,2023-12-31T06:08:15.000Z,https://universalis.app/market/1694
5072,Iron Plate,Meter Griffin,1500,2,2024-01-04T09:48:37.000Z,https://universalis.app/market/5072
1697,Toadskin Cesti,Remina Kawakami,6000,1,2023-12-27T12:02:44.000Z,https://universalis.app/market/1697
5280,Toad Leather,Faul'st Helio,4999,1,2024-01-10T22:42:29.000Z,https://universalis.app/market/5280
5320,Diremite Sinew,Moose San,620,14,2024-01-15T00:05:31.000Z,https://universalis.app/market/5320
1699,Steel Claws,Scrub Doria,5000,1,2024-01-04T21:31:56.000Z,https://universalis.app/market/1699
5073,Steel Plate,Slarti Bartfast,3300,1,2024-01-07T14:39:39.000Z,https://universalis.app/market/5073
1706,Crabshell Hora,Yukino Enoshima,4056,1,2023-12-27T08:12:04.000Z,https://universalis.app/market/1706
5321,Hippogryph Sinew,Harasho Konkoyo,2000,1,2024-01-10T16:42:21.000Z,https://universalis.app/market/5321
5456,Green Megalocrab Shell,Ophianne Rontremont,500,2,2024-01-03T17:49:42.000Z,https://universalis.app/market/5456
1708,Boarskin Himantes,Rose Linnet,55000,1,2024-01-07T05:32:30.000Z,https://universalis.app/market/1708
1711,Mythril Claws,Kuroai King,30000,1,2023-12-28T05:56:39.000Z,https://universalis.app/market/1711
5079,Mythril Plate,Shin Black,3000,3,2024-01-03T03:58:57.000Z,https://universalis.app/market/5079
1716,Tortoiseshell Hora,Annette Hitachine,10000,1,2023-12-22T19:05:06.000Z,https://universalis.app/market/1716
5322,Raptor Sinew,Vivian Vacuus,2999,1,2024-01-03T00:39:30.000Z,https://universalis.app/market/5322
5458,Adamantoise Shell,Patricia Luttrell,101,2,2024-01-01T06:27:06.000Z,https://universalis.app/market/5458
1723,Cobalt Knuckles,Divinix Windstar,39299,1,2023-12-18T04:03:46.000Z,https://universalis.app/market/1723
1728,Peisteskin Cesti,Surreal M'ocean,1000,1,2024-01-07T15:52:56.000Z,https://universalis.app/market/1728
5284,Peiste Leather,Exeo Ryoth,1198,23,2023-12-31T02:20:09.000Z,https://universalis.app/market/5284
1701,Chipped Hora,Ila Eraswen,7990,1,2023-12-27T00:49:20.000Z,https://universalis.app/market/1701
5285,Raptor Leather,Celica Everflaire,2000,6,2023-12-29T01:47:59.000Z,https://universalis.app/market/5285
1733,Cobalt Claws,Fareeha Skye,75000,1,2023-12-18T15:07:52.000Z,https://universalis.app/market/1733
5074,Cobalt Plate,Jazmine Sweet,8000,1,2023-12-28T20:58:22.000Z,https://universalis.app/market/5074
1736,Giantsgall Claws,Zenga Kukatsu,150,1,2023-12-24T07:23:17.000Z,https://universalis.app/market/1736
7581,Mossy Stone Claws,Zim Invader,17,1,2023-12-20T02:40:46.000Z,https://universalis.app/market/7581
1740,Wildling's Cesti,Feanor Ilumire,20128,1,2023-12-30T18:34:53.000Z,https://universalis.app/market/1740
10,Wind Crystal,Gil Garth,175,55,2023-12-18T23:30:53.000Z,https://universalis.app/market/10
5567,Bloody Cesti Covers,Ms Eldari,2198,1,2024-01-01T11:39:46.000Z,https://universalis.app/market/5567
1743,Avengers,Urza Planeswalker,2699,1,2023-12-22T03:59:59.000Z,https://universalis.app/market/1743
5378,Spruce Lumber,Marza Ming,7000,1,2024-01-10T00:33:49.000Z,https://universalis.app/market/5378
5571,Avenger Grips,Cedrik Winterbane,1999,1,2023-12-20T02:36:28.000Z,https://universalis.app/market/5571
1750,Bronze War Axe,Aeristar Bleu,14850,1,2023-12-24T21:14:02.000Z,https://universalis.app/market/1750
1751,Bronze Labrys,Septa Lustramina,300,1,2023-12-25T20:21:52.000Z,https://universalis.app/market/1751
1752,Cloud Axe,Ildstorm Djt-dvre,3000,1,2023-12-18T20:42:06.000Z,https://universalis.app/market/1752
1753,Spiked Bronze Labrys,Amiella Alba,15010,1,2024-01-14T13:18:03.000Z,https://universalis.app/market/1753
1754,Iron War Axe,Eggoless Brutus,6000,1,2023-12-28T02:20:03.000Z,https://universalis.app/market/1754
1756,Iron Labrys,Wind-up Toy,3916,1,2024-01-12T03:16:45.000Z,https://universalis.app/market/1756
1758,Inferno Axe,Dirge Rapport,2000,1,2024-01-04T20:13:40.000Z,https://universalis.app/market/1758
1764,Iron Bill,Blava Fael,1026,1,2024-01-07T13:57:45.000Z,https://universalis.app/market/1764
4856,Clove Oil,Bulbus Strombly,8000,1,2023-12-28T19:57:20.000Z,https://universalis.app/market/4856
5368,Yew Lumber,Diantha Arbustos,2184,1,2023-12-21T00:40:19.000Z,https://universalis.app/market/5368
1766,Thunderstorm Axe,Rasandria Heavensfell,431,1,2024-01-10T12:42:42.000Z,https://universalis.app/market/1766
5064,Silver Ingot,Rayquaza Ex,4000,1,2023-12-20T01:05:57.000Z,https://universalis.app/market/5064
1769,Spiked Steel Labrys,Kishin Echo,5000,1,2023-12-24T06:25:26.000Z,https://universalis.app/market/1769
1776,Steel Bardiche,Beastycat Darksider,19995,1,2024-01-01T19:33:43.000Z,https://universalis.app/market/1776
5405,Yew Branch,Archaea Tannhauser,1500,1,2023-12-24T00:40:54.000Z,https://universalis.app/market/5405
1778,Steel Bhuj,Rayquaza Ex,40000,1,2023-12-20T04:41:35.000Z,https://universalis.app/market/1778
1781,Spiked Mythril Labrys,Eley Lalafeley,78999,1,2023-12-22T03:22:47.000Z,https://universalis.app/market/1781
1786,Mythril Bhuj,Remina Kawakami,9000,1,2024-01-06T01:13:15.000Z,https://universalis.app/market/1786
1796,Buccaneer's Bardiche,Divinix Windstar,39997,1,2023-12-18T04:04:33.000Z,https://universalis.app/market/1796
5414,Rosewood Branch,Sol Sundragon,200,26,2023-12-25T20:19:14.000Z,https://universalis.app/market/5414
1801,Demilune Bhuj,Leonardo Redikulio,10000,1,2023-12-26T08:57:59.000Z,https://universalis.app/market/1801
5196,Jadeite,Jenkshi Ura,3998,50,2024-01-03T17:12:17.000Z,https://universalis.app/market/5196
1803,Spiked Cobalt Labrys,Marina Drake,37000,1,2024-01-11T06:06:59.000Z,https://universalis.app/market/1803
5376,Rosewood Lumber,Celes Fayth,3500,1,2023-12-23T18:25:21.000Z,https://universalis.app/market/5376
1806,Giantsgall War Axe,Jill Rosfield,2500,1,2024-01-02T05:59:45.000Z,https://universalis.app/market/1806
1810,Barbarian's Bardiche,Memeroni Pepperoni,68999,1,2023-12-19T13:42:22.000Z,https://universalis.app/market/1810
5566,Bloody Bardiche Head,Ms Eldari,4000,1,2024-01-07T06:13:44.000Z,https://universalis.app/market/5566
5075,Darksteel Plate,Ashe Ombra,6000,1,2024-01-07T01:31:04.000Z,https://universalis.app/market/5075
5572,Rampager Head,Zenga Kukatsu,2499,2,2023-12-24T07:17:05.000Z,https://universalis.app/market/5572
1820,Bone Harpoon,Araminta Astraea,5000,1,2024-01-09T11:18:44.000Z,https://universalis.app/market/1820
5503,Animal Glue,Orrianna Dyre,130,41,2023-12-18T17:16:54.000Z,https://universalis.app/market/5503
1821,Bronze Spear,Ume Oryian,5000,1,2023-12-19T16:05:59.000Z,https://universalis.app/market/1821
5482,Fish Oil,Bulbus Strombly,175,2,2023-12-27T16:55:27.000Z,https://universalis.app/market/5482
1822,Ramhorn Harpoon,Rishu Syer,2000,1,2023-12-30T00:27:34.000Z,https://universalis.app/market/1822
1823,Feathered Harpoon,Erenthil Hyskaris,19999,1,2024-01-11T03:43:36.000Z,https://universalis.app/market/1823
5352,Crow Feather,Mio Ando,3420,2,2024-01-03T01:50:04.000Z,https://universalis.app/market/5352
5433,Soiled Femur,Divinix Windstar,60,2,2023-12-24T23:30:54.000Z,https://universalis.app/market/5433
1824,Brass Spear,Monka Finna'gonna,1011,1,2024-01-08T13:29:43.000Z,https://universalis.app/market/1824
1825,Iron Spear,Erin Joestar,25000,1,2023-12-28T04:23:04.000Z,https://universalis.app/market/1825
1827,Iron Lance,Jcnegi Lrxefr,204000000,1,2023-12-24T12:19:37.000Z,https://universalis.app/market/1827
1833,Iron Guisarme,Dirge Rapport,20150,1,2024-01-08T18:55:38.000Z,https://universalis.app/market/1833
1836,Silver Battle Fork,Alosin Clarygin,5000,1,2024-01-04T04:48:07.000Z,https://universalis.app/market/1836
5484,Crab Oil,Maenir Tolfan,6000,2,2023-12-23T21:41:07.000Z,https://universalis.app/market/5484
1838,Steel Halberd,Catnip Lacroix,6000,1,2023-12-30T04:11:36.000Z,https://universalis.app/market/1838
1845,Steel Spear,Merlin Altair,15000,1,2024-01-02T01:32:47.000Z,https://universalis.app/market/1845
1847,Heavy Steel Lance,Catnip Lacroix,8000,1,2023-12-30T04:11:48.000Z,https://universalis.app/market/1847
1850,Yarzonshell Harpoon,Bexalia Asteria,40000,1,2024-01-07T19:41:21.000Z,https://universalis.app/market/1850
5454,Yellow Yarzon Leg,Madoka Ferra,90,1,2024-01-09T20:49:54.000Z,https://universalis.app/market/5454
1855,Mythril Lance,Fakhet Ragnall,15000,1,2023-12-20T13:37:49.000Z,https://universalis.app/market/1855
1862,Cobalt Halberd,Kalugi Polugi,39999,1,2023-12-24T07:46:24.000Z,https://universalis.app/market/1862
1867,Cobalt Trident,Sadus Tegg,30000,1,2023-12-30T01:45:12.000Z,https://universalis.app/market/1867
5486,Shark Oil,Kaitlyn Vitellio,6969,5,2023-12-28T06:19:30.000Z,https://universalis.app/market/5486
9,Ice Crystal,Sirius Bellatrix,101,93,2024-01-08T22:14:41.000Z,https://universalis.app/market/9
1840,Crooked Guisarme,Willy Again,2080,1,2023-12-26T23:13:46.000Z,https://universalis.app/market/1840
1872,Hart Guisarme,Talicat Ashwood,30000,1,2023-12-22T06:25:43.000Z,https://universalis.app/market/1872
1875,Giantsgall Trident,Michael Hatsune,1000,1,2024-01-03T15:23:56.000Z,https://universalis.app/market/1875
7582,Mossy Stone Spear,Zim Invader,15,1,2023-12-20T02:40:52.000Z,https://universalis.app/market/7582
1879,Champion's Lance,Evancz Buduga,99900,1,2024-01-11T21:47:43.000Z,https://universalis.app/market/1879
5565,Bloody Lance Head,Aryenna Milane,12000,1,2024-01-07T04:42:25.000Z,https://universalis.app/market/5565
1882,Obelisk,Vicia Faba,999,1,2024-01-13T19:17:23.000Z,https://universalis.app/market/1882
5573,Obelisk Head,Bell Pepper,2000,2,2024-01-10T17:17:37.000Z,https://universalis.app/market/5573
1891,Maple Shortbow,Rick Qt,10000,1,2023-12-30T02:42:23.000Z,https://universalis.app/market/1891
5333,Hempen Yarn,Jezza Belle,421,2,2023-12-29T06:27:19.000Z,https://universalis.app/market/5333
1892,Maple Longbow,Errant Locksmith,3800,1,2024-01-04T03:55:52.000Z,https://universalis.app/market/1892
5396,Maple Branch,Solaara Windynn,500,30,2023-12-30T01:59:12.000Z,https://universalis.app/market/5396
1893,Plumed Maple Shortbow,Re'gor Tegne,500,1,2023-12-21T05:58:28.000Z,https://universalis.app/market/1893
5351,Cock Feather,Febronia Shio,1000000,1,2023-12-22T02:07:02.000Z,https://universalis.app/market/5351
1894,Wrapped Maple Longbow,Anne Oak,9000,1,2024-01-07T13:34:59.000Z,https://universalis.app/market/1894
5402,Ash Branch,Satomi Tomoe,550,4,2024-01-06T05:19:33.000Z,https://universalis.app/market/5402
1895,Ash Shortbow,Evie Nights,10011,1,2024-01-13T20:02:07.000Z,https://universalis.app/market/1895
1897,Elm Longbow,Ylava Toad,17016,1,2023-12-26T21:35:36.000Z,https://universalis.app/market/1897
5334,Cotton Yarn,Kohaku Kataribe,212,1,2024-01-12T20:30:54.000Z,https://universalis.app/market/5334
1899,Elm Velocity Bow,Whiffing Shots,12000,1,2024-01-09T07:37:33.000Z,https://universalis.app/market/1899
1905,Wrapped Elm Longbow,Sigurd Snow-hair,20000,1,2024-01-08T02:23:46.000Z,https://universalis.app/market/1905
1908,Ash Composite Bow,Vivian Purfact,35000,1,2024-01-06T17:19:26.000Z,https://universalis.app/market/1908
1915,Ash Cavalry Bow,Remina Kawakami,5000,1,2023-12-20T11:19:06.000Z,https://universalis.app/market/1915
5409,Oak Branch,Kaiden Khan,1800,2,2024-01-02T09:23:00.000Z,https://universalis.app/market/5409
1917,Oak Longbow,Savage Duncan,39999,1,2023-12-24T19:30:42.000Z,https://universalis.app/market/1917
5336,Linen Yarn,Jos'ir Rogir,1276,2,2023-12-21T20:29:52.000Z,https://universalis.app/market/5336
1920,Mythril Cavalry Bow,Ila Eraswen,48000,1,2024-01-08T00:53:12.000Z,https://universalis.app/market/1920
1925,Oak Composite Bow,Rydin Reach,49999,1,2024-01-12T00:27:53.000Z,https://universalis.app/market/1925
1932,Cobalt Cavalry Bow,Beren Orome,75000,1,2023-12-20T00:47:01.000Z,https://universalis.app/market/1932
1937,Yew Longbow,Cinis Tormentium,50103,1,2024-01-11T07:39:43.000Z,https://universalis.app/market/1937
1941,Vintage Bow,Sephia Blackseraph,12500,1,2023-12-22T00:41:22.000Z,https://universalis.app/market/1941
1942,Crab Bow,Aimi Fiore,49999,1,2024-01-01T17:21:07.000Z,https://universalis.app/market/1942
5462,Red Coral,Megumi Ornitier,5000,1,2023-12-28T18:25:18.000Z,https://universalis.app/market/5462
1945,Giantsgall Longbow,Jill Rosfield,4963,1,2024-01-02T06:00:40.000Z,https://universalis.app/market/1945
1949,Longarm's Composite Bow,Meogre Ya-ong,61999,1,2023-12-19T05:25:02.000Z,https://universalis.app/market/1949
5568,Bloody Bow Rim,M'nihqo Tia,6999,1,2024-01-03T00:45:04.000Z,https://universalis.app/market/5568
1953,Sarnga,Dava Shinesar,1999,1,2024-01-09T00:33:31.000Z,https://universalis.app/market/1953
15,Ice Cluster,Haze Nadah,65,500,2023-12-24T09:36:41.000Z,https://universalis.app/market/15
16,Wind Cluster,Amber Wood,300,600,2023-12-26T15:59:41.000Z,https://universalis.app/market/16
5574,Sarnga Limb,Cedrik Winterbane,2024,2,2023-12-20T02:36:52.000Z,https://universalis.app/market/5574
1958,Maple Wand,Raikyo Deus,55000,1,2024-01-06T23:25:14.000Z,https://universalis.app/market/1958
6,Lightning Shard,Steelina Earthtreader,120,1000,2024-01-07T13:40:49.000Z,https://universalis.app/market/6
7,Water Shard,Shinobi Dm,82,200,2023-12-29T08:20:10.000Z,https://universalis.app/market/7
5470,Growth Formula Alpha,Invoker Jack,2999,3,2024-01-13T18:43:54.000Z,https://universalis.app/market/5470
1959,Whispering Maple Wand,Eric Tam,51700,1,2024-01-11T20:46:41.000Z,https://universalis.app/market/1959
1960,Budding Maple Wand,Rishu Syer,18500,1,2024-01-07T22:02:59.000Z,https://universalis.app/market/1960
5492,Beastkin Blood,Alchemus Maximus,99,99,2024-01-06T20:03:13.000Z,https://universalis.app/market/5492
1961,Ash Wand,Arnet Atoel,308,1,2023-12-19T01:13:20.000Z,https://universalis.app/market/1961
5471,Growth Formula Beta,Shin Black,3500,1,2023-12-28T23:28:53.000Z,https://universalis.app/market/5471
1963,Budding Ash Wand,Laqima Azzy,15000,1,2024-01-12T23:38:34.000Z,https://universalis.app/market/1963
1965,Whispering Ash Wand,Ahara Star,3500,1,2023-12-22T18:49:35.000Z,https://universalis.app/market/1965
5493,Scalekin Blood,Gelid Saki,1650,5,2024-01-06T07:20:15.000Z,https://universalis.app/market/5493
1967,Yew Wand,Black Bunny,2001,1,2023-12-19T08:16:44.000Z,https://universalis.app/market/1967
1969,Budding Yew Wand,Athena Darkpromise,15000,1,2024-01-07T02:09:25.000Z,https://universalis.app/market/1969
1971,Budding Oak Wand,Guy Gregor,48000,1,2023-12-27T01:18:35.000Z,https://universalis.app/market/1971
4603,Hi-Potion of Mind,Risa Cooper,3009,3,2024-01-10T12:41:36.000Z,https://universalis.app/market/4603
1974,Wand of Frost,Saeda Nifiri,11100,1,2024-01-06T03:52:59.000Z,https://universalis.app/market/1974
5199,Eye of Ice,L'azura Manyan,75,1,2023-12-19T18:44:55.000Z,https://universalis.app/market/5199
5472,Growth Formula Gamma,Temporal Stasis,2800,1,2024-01-04T20:52:05.000Z,https://universalis.app/market/5472
1976,Wand of Tremors,Karyn Ava,25000,1,2024-01-06T14:41:13.000Z,https://universalis.app/market/1976
5201,Eye of Earth,Onyx Nightwalker,275,5,2024-01-08T16:25:14.000Z,https://universalis.app/market/5201
1978,Wand of Tides,Kuraduo Sutoraifu,25000,1,2024-01-06T06:42:51.000Z,https://universalis.app/market/1978
5203,Eye of Water,L'azura Manyan,40,2,2023-12-19T18:45:19.000Z,https://universalis.app/market/5203
1981,Wand of Flames,Surreal M'ocean,5000,1,2024-01-07T16:00:54.000Z,https://universalis.app/market/1981
5198,Eye of Fire,Pengu Pengu,1000,8,2023-12-20T05:49:17.000Z,https://universalis.app/market/5198
1983,Wand of Gales,Kassandra Kobayashi,10000,1,2024-01-07T18:22:55.000Z,https://universalis.app/market/1983
5200,Eye of Wind,L'azura Manyan,280,2,2023-12-19T18:45:06.000Z,https://universalis.app/market/5200
5202,Eye of Lightning,Reika Baines,99,1,2024-01-01T02:54:54.000Z,https://universalis.app/market/5202
1987,Budding Rosewood Wand,Ryuk Ryuzaki,60000,1,2024-01-13T06:32:12.000Z,https://universalis.app/market/1987
4608,Mega-Potion of Mind,Ienzo Gunji,7000,5,2024-01-11T00:27:25.000Z,https://universalis.app/market/4608
5494,Spoken Blood,Aric Leifur,1800,99,2024-01-13T16:13:02.000Z,https://universalis.app/market/5494
1996,Maple Cane,Kana Xiao,30000000,1,2024-01-01T20:56:39.000Z,https://universalis.app/market/1996
1997,Maple Crook,Aella Estrellacantica,19990,1,2024-01-09T11:24:02.000Z,https://universalis.app/market/1997
1998,Ash Radical,Steevon Dejiki,3000,1,2023-12-18T20:48:17.000Z,https://universalis.app/market/1998
2000,Elm Cane,Living Sky,4000,1,2023-12-30T11:09:10.000Z,https://universalis.app/market/2000
2002,Elm Crook,Mu Yuen,49,1,2024-01-08T08:49:19.000Z,https://universalis.app/market/2002
2004,Yew Radical,Rhea Taligrus,300,1,2023-12-25T16:01:39.000Z,https://universalis.app/market/2004
2010,Pastoral Yew Cane,Mi'ku Versallusia,750,1,2023-12-24T01:35:18.000Z,https://universalis.app/market/2010
2011,Yew Crook,Willy Again,4600,1,2023-12-26T23:15:47.000Z,https://universalis.app/market/2011
2015,Walnut Cane,Myrissa Mcknight,29999,1,2023-12-20T22:27:29.000Z,https://universalis.app/market/2015
2021,Plumed Yew Crook,Ylava Toad,5000,1,2023-12-31T20:02:35.000Z,https://universalis.app/market/2021
2023,Oak Radical,Monka Finna'gonna,5000,1,2023-12-19T07:18:23.000Z,https://universalis.app/market/2023
2026,Pastoral Oak Cane,Remina Kawakami,10000,1,2023-12-27T12:01:53.000Z,https://universalis.app/market/2026
2030,Sprouting Rosewood Radical,Shado Ka,15000,1,2023-12-21T00:07:15.000Z,https://universalis.app/market/2030
2039,Jade Crook,Rayquaza Ex,39999,1,2023-12-20T20:28:15.000Z,https://universalis.app/market/2039
2041,Vintage Cane,Inani Somnus,15000,1,2023-12-24T17:56:27.000Z,https://universalis.app/market/2041
2044,Pastoral Mahogany Cane,Hakari Lunartear,1799,1,2024-01-08T02:59:32.000Z,https://universalis.app/market/2044
5335,Dew Thread,Tsubame Yatsurugi,2000,1,2023-12-30T23:44:16.000Z,https://universalis.app/market/5335
2047,Tane Mahuta,Mephisto Baelfire,48000,1,2023-12-21T02:42:46.000Z,https://universalis.app/market/2047
5555,Ochu Vine,Avi Malqir,1000,2,2024-01-06T08:45:10.000Z,https://universalis.app/market/5555
2048,Giantsgall Cane,Athena Darkpromise,2160,1,2024-01-02T20:02:34.000Z,https://universalis.app/market/2048
2049,Madman's Whispering Rod,Debroye Paharo,88293,1,2023-12-21T15:18:38.000Z,https://universalis.app/market/2049
12,Lightning Crystal,Nemefaro Samazo,999,200,2024-01-11T13:33:16.000Z,https://universalis.app/market/12
13,Water Crystal,Tsukiko Saito,450,50,2023-12-28T00:07:41.000Z,https://universalis.app/market/13
5473,Growth Formula Delta,Aubrey Calpurnia,8800,2,2024-01-11T02:55:09.000Z,https://universalis.app/market/5473
5537,Thavnairian Mistletoe,Cedryn Polymetis,600,2,2024-01-02T06:57:00.000Z,https://universalis.app/market/5537
5547,Vampire Plant,Inana Tumet,219,2,2024-01-05T06:14:00.000Z,https://universalis.app/market/5547
2051,Alkalurops,Andrew Weller,2440,1,2024-01-13T15:56:30.000Z,https://universalis.app/market/2051
5575,Suspended Trillium Flower,Celia Stormborn,2300,1,2023-12-30T07:58:15.000Z,https://universalis.app/market/5575
2056,Bone Brand,Laqima Azzy,25000,1,2023-12-21T22:14:46.000Z,https://universalis.app/market/2056
5197,Marbled Eye,Divinix Windstar,400,2,2023-12-20T18:04:12.000Z,https://universalis.app/market/5197
2057,Copper Scepter,Ai Zgod,905,1,2023-12-18T02:28:14.000Z,https://universalis.app/market/2057
5062,Copper Ingot,Jay Relius,150,1,2023-12-19T02:45:24.000Z,https://universalis.app/market/5062
2058,Bronze Scepter,Ildstorm Djt-dvre,2006,1,2023-12-23T23:23:11.000Z,https://universalis.app/market/2058
2059,Brass Cudgel,Hiora Caligaris,190,1,2024-01-10T20:17:46.000Z,https://universalis.app/market/2059
2061,Decorated Copper Scepter,Ai Zgod,20011,1,2023-12-18T07:09:51.000Z,https://universalis.app/market/2061
5258,Ragstone Whetstone,Atli Asterale,498,8,2023-12-21T20:29:11.000Z,https://universalis.app/market/5258
2063,Wind Brand,Azra Sunna,18500,1,2023-12-27T06:29:04.000Z,https://universalis.app/market/2063
2069,Silver Scepter,Feye Zombiis,1388,1,2024-01-04T13:51:32.000Z,https://universalis.app/market/2069
5527,Brimstone,Artemis Gharial,1000,1,2023-12-31T04:19:13.000Z,https://universalis.app/market/5527
2071,Earth Brand,Zanthe Zachar,30000,1,2024-01-10T11:37:26.000Z,https://universalis.app/market/2071
2078,Fire Brand,Waffles Dadapon,29999,1,2023-12-22T22:15:33.000Z,https://universalis.app/market/2078
2083,Lightning Brand,Sai Hattori,5000,1,2024-01-11T02:20:17.000Z,https://universalis.app/market/2083
2088,Electrum Scepter,Luck Gandor,1799,1,2023-12-24T05:45:21.000Z,https://universalis.app/market/2088
5489,Quicksilver,Avim Hald,790,25,2023-12-30T02:44:31.000Z,https://universalis.app/market/5489
2093,Vintage Cudgel,Tal'ewain Ashe,3999,1,2023-12-19T22:36:12.000Z,https://universalis.app/market/2093
2068,Damaged Cudgel,Divinix Windstar,4000,1,2023-12-29T06:28:01.000Z,https://universalis.app/market/2068
5092,Iron Rivets,Rafflesia Aesthesia,2000,4,2024-01-08T22:19:24.000Z,https://universalis.app/market/5092
2094,Water Brand,Azami Kousen,62,1,2024-01-07T01:44:06.000Z,https://universalis.app/market/2094
2097,Jade Scepter,Beren Orome,34999,1,2023-12-26T21:53:09.000Z,https://universalis.app/market/2097
5168,Jade,Kavarion Sien,269,1,2023-12-25T18:20:26.000Z,https://universalis.app/market/5168
5439,Ogre Horn,Magdalena Bay,100,12,2024-01-12T06:50:03.000Z,https://universalis.app/market/5439
2102,Sanguine Scepter,Wren Rainteau,84799,1,2023-12-21T16:22:32.000Z,https://universalis.app/market/2102
5206,Pinprick Pebble,Ywilqs Veikmo,7000000,1,2024-01-04T00:50:04.000Z,https://universalis.app/market/5206
2107,Ramhorn Staff,Ildstorm Djt-dvre,4950,1,2023-12-21T13:05:58.000Z,https://universalis.app/market/2107
2108,Decorated Bone Staff,Rain Fairbright,1300,1,2023-12-19T04:34:37.000Z,https://universalis.app/market/2108
5442,Bat Fang,Jay Relius,299,1,2023-12-26T20:11:38.000Z,https://universalis.app/market/5442
2109,Toothed Ramhorn Staff,Seren Lucia,2499,1,2024-01-02T02:38:04.000Z,https://universalis.app/market/2109
2111,Staghorn Staff,Rayquaza Ex,15000,1,2023-12-20T01:05:43.000Z,https://universalis.app/market/2111
2116,Sanguine Horn Staff,Papoutiii Pap,200,1,2023-12-30T23:54:14.000Z,https://universalis.app/market/2116
2118,Toothed Staghorn Staff,Remina Kawakami,935,1,2023-12-21T11:47:56.000Z,https://universalis.app/market/2118
2121,Goathorn Staff,Cynpai Ushiromiya,2953,1,2023-12-22T06:55:50.000Z,https://universalis.app/market/2121
2123,Toothed Goathorn Staff,Neio Sol'eki,20000,1,2023-12-24T23:24:21.000Z,https://universalis.app/market/2123
2125,Horn Staff,Banarama Peel,39999,1,2023-12-22T19:45:09.000Z,https://universalis.app/market/2125
2130,Black Horn Staff,Denji Usagi,7500,1,2023-12-22T00:04:54.000Z,https://universalis.app/market/2130
2133,Ivory Staff,Lilian Star,30000,1,2024-01-05T06:05:31.000Z,https://universalis.app/market/2133
2136,Giantsgall Longstaff,Hisohka Esmour,6000,1,2023-12-19T01:47:54.000Z,https://universalis.app/market/2136
2139,Astrolabe,Malzara Azmar,1449,1,2023-12-29T07:43:12.000Z,https://universalis.app/market/2139
5576,Astrolabe Clinometer,Ashe Ombra,2200,1,2024-01-07T01:05:27.000Z,https://universalis.app/market/5576
2143,Leather Grimoire,Araminta Astraea,500001,1,2024-01-09T11:23:59.000Z,https://universalis.app/market/2143
5380,Maple Log,Welos Aldmeira,311,99,2023-12-23T22:35:25.000Z,https://universalis.app/market/5380
5475,Enchanted Copper Ink,Gogoke Goke,8,2,2024-01-12T07:16:09.000Z,https://universalis.app/market/5475
2144,Maple Picatrix,Frobel Zontornum,24000,1,2024-01-10T05:49:49.000Z,https://universalis.app/market/2144
2145,Engraved Leather Grimoire,Rishu Syer,25000,1,2024-01-05T22:22:33.000Z,https://universalis.app/market/2145
5383,Ash Log,Tulip Dewdrop,975,10,2023-12-28T06:43:23.000Z,https://universalis.app/market/5383
2146,Ash Picatrix,Sigurd Snow-hair,10000,1,2024-01-08T02:21:38.000Z,https://universalis.app/market/2146
2147,Hard Leather Grimoire,Sigurd Snow-hair,13000,1,2024-01-09T14:38:50.000Z,https://universalis.app/market/2147
5385,Elm Log,Aleksandar Corsain,400,5,2023-12-27T06:08:22.000Z,https://universalis.app/market/5385
5476,Enchanted Iron Ink,Ozzie Sea,160,2,2023-12-28T01:42:20.000Z,https://universalis.app/market/5476
2149,Engraved Hard Leather Grimoire,Rayquaza Ex,39996,1,2023-12-20T03:01:46.000Z,https://universalis.app/market/2149
5386,Yew Log,Lance Caln,500,45,2023-12-24T03:54:49.000Z,https://universalis.app/market/5386
2151,Yew Picatrix,Dirge Rapport,15000,1,2024-01-01T01:36:52.000Z,https://universalis.app/market/2151
2156,Goatskin Grimoire,Shado Ka,20000,1,2024-01-10T22:50:37.000Z,https://universalis.app/market/2156
5477,Enchanted Silver Ink,Shinobi Dm,2000,8,2023-12-27T10:32:10.000Z,https://universalis.app/market/5477
2160,Engraved Goatskin Grimoire,Coraline Aulin,25000,1,2024-01-10T01:17:17.000Z,https://universalis.app/market/2160
5388,Walnut Log,Kokojinn Zazajinn,1000,13,2024-01-09T02:40:14.000Z,https://universalis.app/market/5388
2166,Book of Silver,Spllyn Iam,20000,1,2024-01-02T18:44:21.000Z,https://universalis.app/market/2166
5390,Oak Log,Umari Kisne,2000,10,2023-12-27T05:32:11.000Z,https://universalis.app/market/5390
2169,Embossed Book of Silver,Beluna Iryut,61000,1,2024-01-12T01:02:27.000Z,https://universalis.app/market/2169
2174,Book of Mythril,Miki Chinen,29995,1,2024-01-03T23:21:13.000Z,https://universalis.app/market/2174
5346,Flax,Ryutsuki Ookami,750,50,2024-01-01T18:48:07.000Z,https://universalis.app/market/5346
5478,Enchanted Mythril Ink,Ryukuzo Wintersoul,4000,10,2023-12-18T20:14:29.000Z,https://universalis.app/market/5478
2184,Vintage Picatrix,Rolala Rola,59600,1,2024-01-01T06:06:21.000Z,https://universalis.app/market/2184
2158,Brittle Picatrix,Re'gor Tegne,990,1,2024-01-01T06:04:14.000Z,https://universalis.app/market/2158
2185,Book of Electrum,Miki Chinen,24400,1,2023-12-30T19:43:53.000Z,https://universalis.app/market/2185
5337,Woolen Yarn,Tetra Sturmdrang,1000,99,2023-12-20T00:25:12.000Z,https://universalis.app/market/5337
5393,Rosewood Log,Umari Kisne,399,99,2023-12-27T19:09:51.000Z,https://universalis.app/market/5393
5479,Enchanted Electrum Ink,Kayuza Yayreza,900,1,2024-01-12T02:34:36.000Z,https://universalis.app/market/5479
2189,Embossed Book of Electrum,P- Yuyu,39000,1,2024-01-08T22:15:39.000Z,https://universalis.app/market/2189
2193,Cantamina Thavnaria,Dava Shinesar,3000,1,2024-01-09T00:34:28.000Z,https://universalis.app/market/2193
5481,Enchanted Rose Gold Ink,Leili Kouris,5002,1,2023-12-26T00:28:11.000Z,https://universalis.app/market/5481
2194,Medica Thavnaria,Arus Soleia,3249,1,2023-12-25T14:15:10.000Z,https://universalis.app/market/2194
2201,Erudite's Picatrix of Healing,Kael Eirohn,96699,1,2023-12-18T17:47:39.000Z,https://universalis.app/market/2201
5480,Enchanted Gold Ink,Evyn Sebring,9999,1,2023-12-20T04:40:08.000Z,https://universalis.app/market/5480
5569,Bloody Grimoire Binding,Ms Eldari,5000,1,2024-01-10T21:13:17.000Z,https://universalis.app/market/5569
2202,Erudite's Picatrix of Casting,V'qeshi Tia,86499,1,2024-01-03T01:29:37.000Z,https://universalis.app/market/2202
2211,Deus Ex Verbis,Gwee Amastacia,3333,1,2024-01-06T21:56:13.000Z,https://universalis.app/market/2211
5338,Silk Thread,Tektronix Ice,3000,1,2023-12-23T04:52:10.000Z,https://universalis.app/market/5338
2212,Deus Ex Gratia,Kagome Leonheart,1689,1,2023-12-21T20:07:05.000Z,https://universalis.app/market/2212
2219,Square Maple Shield,Mint Latte,30000000,1,2023-12-27T21:28:16.000Z,https://universalis.app/market/2219
5091,Bronze Rivets,Aella Estrellacantica,450,1,2024-01-09T12:23:58.000Z,https://universalis.app/market/5091
12524,Titanium Nugget,Orion Moonchild,6000,1,2023-12-28T11:05:23.000Z,https://universalis.app/market/12524
12529,Titanium Rivets,Adia Amaya,9998,2,2024-01-14T15:05:44.000Z,https://universalis.app/market/12529
12658,Dusk Leather,Lovely Pixel,400420,1,2024-01-05T02:46:45.000Z,https://universalis.app/market/12658
2226,Bronze Hoplon,Laqima Azzy,20000,1,2023-12-30T22:38:29.000Z,https://universalis.app/market/2226
5071,Bronze Plate,Atli Asterale,402,1,2023-12-21T20:32:58.000Z,https://universalis.app/market/5071
2228,Round Shield,Miles Vasallo,20000,1,2023-12-29T01:59:32.000Z,https://universalis.app/market/2228
2230,Bronze Scutum,Ry'neuth Keki,1499,1,2023-12-29T07:48:15.000Z,https://universalis.app/market/2230
2231,Bronze Buckler,Rosaline Hart,15000,1,2024-01-08T06:03:43.000Z,https://universalis.app/market/2231
2233,Square Ash Shield,Rishu Syer,50000,1,2024-01-01T20:45:57.000Z,https://universalis.app/market/2233
2236,Iron Hoplon,Kydo Viridis,50000,1,2024-01-07T06:34:17.000Z,https://universalis.app/market/2236
2238,Vintage Square Shield,Isnerd Errorcode,4000,1,2023-12-31T12:03:20.000Z,https://universalis.app/market/2238
2224,Worm-eaten Square Shield,Divinix Windstar,10015,1,2023-12-23T19:43:49.000Z,https://universalis.app/market/2224
4859,Cider Vinegar,Jodhi Greywyr,350,2,2023-12-31T01:50:53.000Z,https://universalis.app/market/4859
2239,Ironclad Bronze Buckler,Alexander Hawkstorm,10000,1,2024-01-10T08:20:54.000Z,https://universalis.app/market/2239
2241,Iron Lantern Shield,Errant Locksmith,1500,1,2024-01-04T03:51:43.000Z,https://universalis.app/market/2241
5998,Tallow Candle,Thieving Magpie,4000,3,2023-12-30T04:16:11.000Z,https://universalis.app/market/5998
2242,Iron Scutum,Ginneagan M'rka,175,1,2024-01-05T10:34:50.000Z,https://universalis.app/market/2242
2225,Tarnished Hoplon,Berserker Knight,14000,1,2024-01-05T15:04:30.000Z,https://universalis.app/market/2225
2246,Viper-crested Round Shield,Liv Ernstine,9999,1,2023-12-27T08:09:58.000Z,https://universalis.app/market/2246
2250,Goatskin Targe,Fortuna Lylat,6666,1,2023-12-19T17:01:43.000Z,https://universalis.app/market/2250
5093,Steel Rivets,Alosin Clarygin,2998,21,2024-01-06T07:11:54.000Z,https://universalis.app/market/5093
2257,Bull Hoplon,Nu'gundam Enjoyer,12900,1,2023-12-21T00:35:55.000Z,https://universalis.app/market/2257
2260,Decorated Buckler,Grier Grien,15000,1,2023-12-21T07:41:01.000Z,https://universalis.app/market/2260
2262,Decorated Iron Scutum,Ryoske Takahashi,15000,1,2024-01-11T09:05:07.000Z,https://universalis.app/market/2262
2264,Vintage Buckler,Isnerd Errorcode,9995,1,2024-01-02T00:53:58.000Z,https://universalis.app/market/2264
2227,Notched Buckler,Orochi Tinninson,23000,1,2023-12-30T20:18:14.000Z,https://universalis.app/market/2227
2268,Bladed Lantern Shield,Campanella Ouroboros,8000,1,2023-12-27T17:40:21.000Z,https://universalis.app/market/2268
2270,Raptorskin Targe,Ryun Strav,40000,1,2023-12-24T04:11:27.000Z,https://universalis.app/market/2270
5099,Mythril Rivets,Kessel Run,9000,1,2024-01-02T15:09:01.000Z,https://universalis.app/market/5099
2278,Vintage Scutum,Ryuma Heishiro,45000,1,2023-12-26T08:03:34.000Z,https://universalis.app/market/2278
2232,Rusting Scutum,Frozen Yoburt,1001,1,2023-12-26T00:07:16.000Z,https://universalis.app/market/2232
2279,Cobalt Scutum,Annette Hitachine,65000,1,2023-12-22T19:04:47.000Z,https://universalis.app/market/2279
5094,Cobalt Rivets,Yuki Tomeru,5000,2,2024-01-08T16:05:06.000Z,https://universalis.app/market/5094
2287,Eagle-crested Round Shield,Miles Vasallo,20000,1,2023-12-29T01:57:04.000Z,https://universalis.app/market/2287
2237,Rotting Round Shield,Willy Again,4023,1,2023-12-26T23:13:14.000Z,https://universalis.app/market/2237
5228,Ragstone,Sigmund Reed,100,99,2023-12-31T14:49:13.000Z,https://universalis.app/market/5228
5517,Lanolin,Haru Takayama,735,1,2024-01-07T21:46:42.000Z,https://universalis.app/market/5517
2294,Kite Shield,Ynaguinid Datu,30000,1,2023-12-25T03:52:15.000Z,https://universalis.app/market/2294
2296,Cobalt Bladed Lantern Shield,Mark Lightwarrior,15000,1,2024-01-06T06:02:41.000Z,https://universalis.app/market/2296
2300,Vintage Kite Shield,Alt One,19720,1,2023-12-30T18:41:30.000Z,https://universalis.app/market/2300
2259,Scarred Kite Shield,Merinda Sunrider,40000,1,2024-01-08T04:39:06.000Z,https://universalis.app/market/2259
2302,Darksteel Scutum,Ebony Aldwyn,4999,1,2024-01-13T05:28:22.000Z,https://universalis.app/market/2302
5060,Darksteel Ingot,Ienzo Gunji,11979,10,2024-01-09T07:37:05.000Z,https://universalis.app/market/5060
5095,Darksteel Rivets,Punished Demon,7500,2,2023-12-29T07:19:02.000Z,https://universalis.app/market/5095
2303,Darksteel Buckler,Fireze Zacrid,1799,1,2024-01-13T02:24:41.000Z,https://universalis.app/market/2303
2304,Spruce Round Shield,Lunir Malheur,1655,1,2023-12-23T18:18:15.000Z,https://universalis.app/market/2304
5379,Treated Spruce Lumber,Umari Kisne,25888,5,2024-01-08T03:40:41.000Z,https://universalis.app/market/5379
2315,Bronze Saw,Vivian Purfact,4975,1,2024-01-02T23:39:40.000Z,https://universalis.app/market/2315
2316,Amateur's Saw,Umari Kisne,5000,1,2023-12-25T05:43:13.000Z,https://universalis.app/market/2316
2317,Chocobotail Saw,Blues Raellfoch,200,1,2023-12-20T03:54:26.000Z,https://universalis.app/market/2317
2318,Initiate's Saw,Arturius Blackheart,10000,1,2023-12-20T22:38:58.000Z,https://universalis.app/market/2318
2319,Bas-relief Iron Saw,Monkey D'luffy',11026,1,2023-12-22T23:28:23.000Z,https://universalis.app/market/2319
2320,Iron Chocobotail Saw,Reno Asano,65000,1,2023-12-26T08:02:57.000Z,https://universalis.app/market/2320
2321,Bas-relief Steel Saw,Umari Kisne,4999,1,2023-12-27T04:45:19.000Z,https://universalis.app/market/2321
2322,Crosscut Saw,Shin Black,5999,1,2023-12-28T21:19:09.000Z,https://universalis.app/market/2322
2323,Mythril Saw,Destrai Anant,5000,1,2023-12-24T02:28:54.000Z,https://universalis.app/market/2323
2324,Mythril Chocobotail Saw,Amaya Keyes,24999,1,2024-01-02T00:03:42.000Z,https://universalis.app/market/2324
2325,Bas-relief Cobalt Saw,Arcus Coreus,80000,1,2023-12-21T21:06:16.000Z,https://universalis.app/market/2325
2328,Amateur's Claw Hammer,Unony Ouo,1199,1,2023-12-30T02:37:28.000Z,https://universalis.app/market/2328
2329,Bronze Claw Hammer,Shiki Serene,8500,1,2023-12-27T19:40:30.000Z,https://universalis.app/market/2329
2331,Iron Claw Hammer,Naruto Vowels,50000,1,2023-12-20T03:05:15.000Z,https://universalis.app/market/2331
5483,Jellyfish Humours,Atli Asterale,490,2,2023-12-21T20:32:01.000Z,https://universalis.app/market/5483
2332,Initiate's Claw Hammer,Reno Asano,10000,1,2023-12-26T08:04:17.000Z,https://universalis.app/market/2332
2334,Steel Claw Hammer,Paddy Black,25000,1,2024-01-08T20:07:44.000Z,https://universalis.app/market/2334
2335,Wrapped Steel Claw Hammer,Everly Aurora,25000,1,2023-12-25T22:31:16.000Z,https://universalis.app/market/2335
5485,Linseed Oil,Black Bunny,3500,1,2023-12-19T08:49:42.000Z,https://universalis.app/market/5485
2337,Mythril Claw Hammer,Kyo Mibu,5000,1,2023-12-29T18:15:41.000Z,https://universalis.app/market/2337
2339,Militia Claw Hammer,Lavender Rose,50000,1,2023-12-27T03:03:18.000Z,https://universalis.app/market/2339
2341,Bronze Cross-pein Hammer,Aeri Beri,10000,1,2023-12-30T10:09:12.000Z,https://universalis.app/market/2341
2342,Amateur's Cross-pein Hammer,Laqima Azzy,3000,1,2023-12-30T22:38:52.000Z,https://universalis.app/market/2342
2343,Birdsbeak Hammer,Sigurd Snow-hair,25000,1,2023-12-24T16:28:48.000Z,https://universalis.app/market/2343
5325,Undyed Cotton Cloth,Lance Caln,6500,1,2023-12-24T04:39:47.000Z,https://universalis.app/market/5325
2344,Iron Cross-pein Hammer,Naruto Vowels,40000,1,2024-01-07T01:49:53.000Z,https://universalis.app/market/2344
2345,Initiate's Cross-pein Hammer,Exeo Ryoth,3021,1,2023-12-21T23:07:36.000Z,https://universalis.app/market/2345
2346,Crowsbeak Hammer,Arturius Blackheart,1000,1,2023-12-20T22:38:18.000Z,https://universalis.app/market/2346
2347,Heavy Crowsbeak Hammer,Surreal M'ocean,5000,1,2024-01-07T17:19:04.000Z,https://universalis.app/market/2347
5326,Undyed Velveteen,Rayquaza Ex,3985,4,2023-12-20T01:58:22.000Z,https://universalis.app/market/5326
2349,Steel Crowsbeak Hammer,Lexen Atrans,30000,1,2023-12-18T06:15:04.000Z,https://universalis.app/market/2349
2350,Wrapped Crowsbeak Hammer,Destrai Anant,40000,1,2023-12-24T02:29:29.000Z,https://universalis.app/market/2350
2351,Cobalt Cross-pein Hammer,Sylvana Mul'droth,2083,1,2024-01-02T19:46:32.000Z,https://universalis.app/market/2351
2352,Wrapped Hawksbeak Hammer,Zoey Knight,16500,1,2024-01-12T12:38:47.000Z,https://universalis.app/market/2352
2355,Amateur's File,Accalia Dreadfang,1000,1,2024-01-01T16:57:33.000Z,https://universalis.app/market/2355
2356,Bronze File,Naruto Vowels,9999,1,2024-01-07T01:14:24.000Z,https://universalis.app/market/2356
2358,Iron File,Monkey D'luffy',10000,1,2023-12-22T23:21:22.000Z,https://universalis.app/market/2358
2359,Initiate's File,Exeo Ryoth,7000,1,2023-12-21T23:07:21.000Z,https://universalis.app/market/2359
2361,Steel File,Eleanor Silvalant,40000,1,2023-12-19T11:26:03.000Z,https://universalis.app/market/2361
2363,Mythril File,Kessel Run,30000,1,2024-01-02T15:07:31.000Z,https://universalis.app/market/2363
2364,Cobalt File,Aquaphoenix Down,30000,1,2023-12-27T01:57:34.000Z,https://universalis.app/market/2364
2365,Militia File,Yui Kurokawa,27500,1,2024-01-01T16:52:43.000Z,https://universalis.app/market/2365
2367,Bronze Doming Hammer,Tactful Cactus,296,1,2024-01-01T01:17:52.000Z,https://universalis.app/market/2367
2368,Amateur's Doming Hammer,Ylava Toad,1009,1,2023-12-22T01:45:05.000Z,https://universalis.app/market/2368
2369,Bronze Raising Hammer,Dirge Rapport,4000,1,2023-12-31T06:04:07.000Z,https://universalis.app/market/2369
2370,Iron Doming Hammer,Septa Lustramina,6998,1,2024-01-01T02:02:39.000Z,https://universalis.app/market/2370
2371,Initiate's Doming Hammer,Neio Sol'eki,999,1,2023-12-24T23:35:00.000Z,https://universalis.app/market/2371
2373,Wrapped Iron Raising Hammer,Destrai Anant,8000,1,2023-12-23T07:12:24.000Z,https://universalis.app/market/2373
2374,Steel Doming Hammer,Aeri Beri,14000,1,2024-01-01T20:07:27.000Z,https://universalis.app/market/2374
2375,Steel Raising Hammer,Sir Pancake,15000,1,2023-12-31T21:48:06.000Z,https://universalis.app/market/2375
2376,Cobalt Doming Hammer,Shiroyuki Akiyama,30000,1,2024-01-11T21:08:24.000Z,https://universalis.app/market/2376
2377,Cobalt Raising Hammer,Red Bugenhagen,19200,1,2024-01-05T03:15:02.000Z,https://universalis.app/market/2377
2380,Amateur's Pliers,Aeri Beri,2400,1,2023-12-30T23:26:24.000Z,https://universalis.app/market/2380
2381,Bronze Pliers,Eley Lalafeley,6009,1,2023-12-30T08:06:45.000Z,https://universalis.app/market/2381
2383,Iron Pliers,Puss N'boot's,12000,1,2023-12-23T05:56:14.000Z,https://universalis.app/market/2383
2384,Initiate's Pliers,Jerault Deavat,5000,1,2023-12-26T04:04:53.000Z,https://universalis.app/market/2384
2386,Steel Pliers,Lexen Atrans,20000,1,2023-12-18T04:12:47.000Z,https://universalis.app/market/2386
2388,Mythril Pliers,Glynda Windynn,35000,1,2023-12-27T04:10:32.000Z,https://universalis.app/market/2388
2389,Cobalt Pliers,Shiroyuki Akiyama,10000,1,2024-01-12T22:33:26.000Z,https://universalis.app/market/2389
2390,Militia Pliers,Hazardous Lemonz,50000,1,2023-12-21T23:05:46.000Z,https://universalis.app/market/2390
2392,Bronze Chaser Hammer,Faris Shima,995,1,2023-12-24T01:16:43.000Z,https://universalis.app/market/2392
2393,Amateur's Chaser Hammer,Waffles Dadapon,4000,1,2023-12-22T14:00:04.000Z,https://universalis.app/market/2393
2394,Bronze Ornamental Hammer,Ovan Shimiya,600,1,2023-12-31T20:32:30.000Z,https://universalis.app/market/2394
2395,Iron Chaser Hammer,Sorceress's Shadow,7000,1,2024-01-07T00:51:11.000Z,https://universalis.app/market/2395
2396,Initiate's Chaser Hammer,Masha Tayuun,7001,1,2023-12-18T06:58:16.000Z,https://universalis.app/market/2396
2397,Iron Ornamental Hammer,Karyn Ava,1000,1,2024-01-06T14:38:51.000Z,https://universalis.app/market/2397
2398,Steel Chaser Hammer,Beastycat Darksider,999,1,2024-01-07T00:44:41.000Z,https://universalis.app/market/2398
2399,Steel Ornamental Hammer,Penelope Paprikash,6000,1,2023-12-29T17:32:54.000Z,https://universalis.app/market/2399
2400,Mythril Ornamental Hammer,Destrai Anant,5000,1,2023-12-24T02:29:59.000Z,https://universalis.app/market/2400
2401,Mythril Lapidary Hammer,Tsukiumi L'cie,12999,1,2023-12-19T06:52:39.000Z,https://universalis.app/market/2401
5183,Tourmaline,Silas Othemaas,2000,4,2024-01-09T03:51:41.000Z,https://universalis.app/market/5183
2406,Ragstone Grinding Wheel,Rishu Syer,10000,1,2024-01-01T00:38:43.000Z,https://universalis.app/market/2406
2408,Mudstone Grinding Wheel,Ildstorm Djt-dvre,20001,1,2023-12-23T13:02:44.000Z,https://universalis.app/market/2408
5229,Mudstone,Kieryn Tetrinos,300,99,2024-01-01T23:01:44.000Z,https://universalis.app/market/5229
2409,Initiate's Grinding Wheel,Nero Ravenwolf,1999,1,2024-01-02T19:39:00.000Z,https://universalis.app/market/2409
2411,Siltstone Grinding Wheel,Shin Black,10000,1,2023-12-28T21:20:45.000Z,https://universalis.app/market/2411
5231,Siltstone,Luxie Hart,499,49,2024-01-14T09:03:47.000Z,https://universalis.app/market/5231
2413,Garnet Grinding Wheel,Erin Joestar,6000,1,2023-12-28T04:06:11.000Z,https://universalis.app/market/2413
5134,Raw Garnet,Cirina Star,151,7,2023-12-21T00:10:02.000Z,https://universalis.app/market/5134
2414,Basilisk Grinding Wheel,Buck Bluebell,21107,1,2023-12-19T22:11:57.000Z,https://universalis.app/market/2414
5263,Basilisk Egg,Kavarion Sien,1500,1,2023-12-25T18:22:45.000Z,https://universalis.app/market/5263
2415,Militia Grinding Wheel,Naruto Vowels,104000,1,2023-12-20T02:00:23.000Z,https://universalis.app/market/2415
5158,Astral Rock,Ginneagan M'rka,2725,30,2024-01-01T09:42:42.000Z,https://universalis.app/market/5158
2417,Bronze Head Knife,Tabius Korinthos,2000,1,2024-01-07T19:20:22.000Z,https://universalis.app/market/2417
2419,Brass Head Knife,Sirrom Dareth,6000,1,2023-12-30T04:03:29.000Z,https://universalis.app/market/2419
2420,Initiate's Head Knife,Naruto Vowels,30000,1,2023-12-26T00:25:57.000Z,https://universalis.app/market/2420
2421,Iron Round Knife,Rena Laflor,500,1,2024-01-04T01:48:54.000Z,https://universalis.app/market/2421
2422,Iron Head Knife,Camilla Leos,15000,1,2023-12-31T07:48:01.000Z,https://universalis.app/market/2422
2423,Silver Head Knife,Exeo Ryoth,11000,1,2023-12-21T23:09:52.000Z,https://universalis.app/market/2423
2424,Steel Round Knife,T'reso Mandragoran,18990,1,2024-01-05T21:28:29.000Z,https://universalis.app/market/2424
2425,Mythril Head Knife,Ellie Dracht,20000,1,2023-12-22T18:25:52.000Z,https://universalis.app/market/2425
2426,Mythril Round Knife,Sylvana Mul'droth,5000,1,2024-01-07T21:10:26.000Z,https://universalis.app/market/2426
2427,Electrum Head Knife,Lady Satarel,50000,1,2023-12-24T22:11:42.000Z,https://universalis.app/market/2427
2430,Amateur's Awl,Queen Tasha,4995,1,2023-12-24T00:33:39.000Z,https://universalis.app/market/2430
2431,Bronze Awl,Queen Tasha,5000,1,2024-01-01T01:35:41.000Z,https://universalis.app/market/2431
2433,Iron Awl,Naruto Vowels,50000,1,2023-12-26T00:26:15.000Z,https://universalis.app/market/2433
2434,Initiate's Awl,Neio Sol'eki,9300,1,2023-12-24T23:40:29.000Z,https://universalis.app/market/2434
2436,Steel Awl,Alosin Clarygin,25000,1,2024-01-06T07:10:44.000Z,https://universalis.app/market/2436
2437,Wrapped Steel Awl,Xiao Kagon,40000,1,2023-12-24T14:36:05.000Z,https://universalis.app/market/2437
2439,Mythril Awl,Vaen Jiin,19000,1,2024-01-10T01:52:44.000Z,https://universalis.app/market/2439
2440,Cobalt Awl,Bulbus Strombly,40000,1,2023-12-21T15:58:12.000Z,https://universalis.app/market/2440
2443,Copper Needle,Alosin Clarygin,1000,1,2024-01-04T05:01:43.000Z,https://universalis.app/market/2443
2444,Bat Fang Needle,Penelope Paprikash,1399,1,2023-12-23T12:35:38.000Z,https://universalis.app/market/2444
2445,Amateur's Needle,Ildstorm Djt-dvre,20000,1,2023-12-23T13:03:15.000Z,https://universalis.app/market/2445
2446,Brass Needle,Ciela Atkascha,1500,1,2023-12-31T06:35:52.000Z,https://universalis.app/market/2446
2447,Initiate's Needle,Lucoa Aki,2029,1,2024-01-06T19:53:29.000Z,https://universalis.app/market/2447
2448,Silver Needle,Penelope Paprikash,9999,1,2023-12-29T17:00:26.000Z,https://universalis.app/market/2448
2449,Worm Fang Needle,Beer Pup,2500,1,2023-12-20T05:26:42.000Z,https://universalis.app/market/2449
5447,Sandworm Fang,Kaitlyn Vitellio,500,2,2024-01-04T22:22:03.000Z,https://universalis.app/market/5447
2450,Mythril Needle,C'astor Elpis,4771,1,2024-01-05T05:29:37.000Z,https://universalis.app/market/2450
2451,Wolf Fang Needle,Scrub Doria,32001,1,2023-12-31T18:11:48.000Z,https://universalis.app/market/2451
2452,Thousand Needle,Jos'ir Rogir,9000,1,2024-01-10T01:40:16.000Z,https://universalis.app/market/2452
5468,Cactuar Needle,Aubrey Calpurnia,9999,1,2024-01-12T23:47:51.000Z,https://universalis.app/market/5468
2453,Electrum Needle,Atli Asterale,8900,1,2023-12-26T16:38:25.000Z,https://universalis.app/market/2453
2456,Amateur's Spinning Wheel,Septa Lustramina,3110,1,2023-12-24T01:53:52.000Z,https://universalis.app/market/2456
2457,Ash Spinning Wheel,Dirge Rapport,1999,1,2023-12-31T06:03:45.000Z,https://universalis.app/market/2457
2459,Initiate's Spinning Wheel,Anghara Indigo,8900,1,2023-12-20T11:46:27.000Z,https://universalis.app/market/2459
2460,Elm Spinning Wheel,Karyn Ava,999,1,2023-12-29T16:08:18.000Z,https://universalis.app/market/2460
2462,Walnut Spinning Wheel,Naowl Kress,68000,1,2024-01-11T01:04:16.000Z,https://universalis.app/market/2462
2464,Mahogany Spinning Wheel,Shado Ka,10000,1,2023-12-19T23:07:30.000Z,https://universalis.app/market/2464
2465,Rosewood Spinning Wheel,Alvendalf Ymir,24444,1,2024-01-02T18:34:20.000Z,https://universalis.app/market/2465
2466,Militia Spinning Wheel,Lelu Blaze,30000,1,2023-12-29T23:48:06.000Z,https://universalis.app/market/2466
2468,Bronze Alembic,Solani Vale,120000,1,2023-12-29T05:02:51.000Z,https://universalis.app/market/2468
2469,Amateur's Alembic,Rishu Syer,8000,1,2023-12-30T23:35:49.000Z,https://universalis.app/market/2469
2470,Brass Alembic,Merinda Sunrider,4000,1,2024-01-07T21:13:27.000Z,https://universalis.app/market/2470
2471,Initiate's Alembic,Huriah Dawnbringer,8000,1,2024-01-14T02:17:39.000Z,https://universalis.app/market/2471
2472,Iron Alembic,Karyn Ava,1200,1,2024-01-06T14:39:08.000Z,https://universalis.app/market/2472
2473,Conical Alembic,Remina Kawakami,9999,1,2023-12-26T03:50:33.000Z,https://universalis.app/market/2473
2474,Steel Alembic,Everly Aurora,7500,1,2023-12-20T22:57:48.000Z,https://universalis.app/market/2474
2475,Silver Alembic,Era Hess,45000,1,2023-12-22T06:36:06.000Z,https://universalis.app/market/2475
2476,Mythril Alembic,Cadence Xyran,34000,1,2024-01-06T00:13:56.000Z,https://universalis.app/market/2476
2477,Electrum Alembic,Popowazu Wawawazu,15000,1,2024-01-05T18:46:07.000Z,https://universalis.app/market/2477
2478,Thermal Alembic,Saya Vampir,20000,1,2023-12-25T21:42:17.000Z,https://universalis.app/market/2478
2481,Amateur's Mortar,Pennie Hofstadter,6000,1,2023-12-21T06:24:08.000Z,https://universalis.app/market/2481
2484,Iron Mortar,Anghara Indigo,19999,1,2024-01-11T17:09:01.000Z,https://universalis.app/market/2484
2485,Initiate's Mortar,Yuki Tomeru,220,1,2024-01-12T11:28:33.000Z,https://universalis.app/market/2485
2488,Heavy Steel Mortar,Natasha Yaroslav,10000,1,2024-01-11T01:23:57.000Z,https://universalis.app/market/2488
2490,Mythril Mortar,Taka Kamuha,30000,1,2023-12-28T05:33:06.000Z,https://universalis.app/market/2490
2491,Cobalt Mortar,Ophelia Free,29999,1,2023-12-30T14:24:01.000Z,https://universalis.app/market/2491
2492,Militia Mortar,Trevor Kittensky,50000,1,2023-12-22T02:21:18.000Z,https://universalis.app/market/2492
2494,Bronze Skillet,Aeri Beri,10000,1,2023-12-31T21:51:23.000Z,https://universalis.app/market/2494
2495,Amateur's Skillet,Leona Night,599,1,2023-12-21T01:12:24.000Z,https://universalis.app/market/2495
2496,Iron Skillet,Sigurd Snow-hair,23995,1,2023-12-28T14:09:47.000Z,https://universalis.app/market/2496
2497,Initiate's Skillet,Puss N'boot's,5000,1,2023-12-27T06:32:32.000Z,https://universalis.app/market/2497
2498,Iron Frypan,Taiyo Kami,27750,1,2024-01-12T03:42:04.000Z,https://universalis.app/market/2498
2499,Bomb Frypan,Penelope Paprikash,8999,1,2023-12-29T16:55:31.000Z,https://universalis.app/market/2499
5528,Bomb Ash,Warm Milk,700,2,2024-01-04T02:32:42.000Z,https://universalis.app/market/5528
2500,Steel Skillet,Warm Milk,4000,1,2023-12-30T01:35:27.000Z,https://universalis.app/market/2500
2501,White Skillet,Monka Finna'gonna,5000,1,2023-12-19T07:18:59.000Z,https://universalis.app/market/2501
2502,Steel Frypan,Rayquaza Ex,39999,1,2023-12-20T06:40:12.000Z,https://universalis.app/market/2502
2503,Cobalt Skillet,S'queban Tsai,5000,1,2023-12-22T22:14:37.000Z,https://universalis.app/market/2503
2504,Hells' Kitchen,Whiffing Shots,25000,1,2024-01-09T08:14:24.000Z,https://universalis.app/market/2504
2507,Amateur's Culinary Knife,Queen Tasha,2999,1,2023-12-26T01:34:43.000Z,https://universalis.app/market/2507
2508,Bronze Culinary Knife,Aeri Beri,7000,1,2023-12-31T21:51:31.000Z,https://universalis.app/market/2508
2510,Iron Culinary Knife,Kali Virac,4998,1,2023-12-31T02:11:28.000Z,https://universalis.app/market/2510
2511,Initiate's Culinary Knife,Aeri Beri,5029,1,2023-12-31T21:06:16.000Z,https://universalis.app/market/2511
2513,Steel Culinary Knife,Everly Aurora,20000,1,2023-12-24T08:48:34.000Z,https://universalis.app/market/2513
2514,Wrapped Steel Culinary Knife,Adough Opal,4900,1,2024-01-12T23:19:58.000Z,https://universalis.app/market/2514
2516,Mythril Culinary Knife,Twyla Belladonna,40000,1,2023-12-21T19:31:23.000Z,https://universalis.app/market/2516
2517,Cobalt Culinary Knife,Miki Chinen,12999,1,2024-01-12T06:30:21.000Z,https://universalis.app/market/2517
2518,Militia Culinary Knife,Nel Nehru,30000,1,2023-12-21T01:47:53.000Z,https://universalis.app/market/2518
2520,Bronze Pickaxe,Frantic Taco,3111,1,2023-12-29T02:10:58.000Z,https://universalis.app/market/2520
2521,Amateur's Pickaxe,Avalina Darkblood,6900,1,2023-12-24T22:13:20.000Z,https://universalis.app/market/2521
2522,Plumed Bronze Pickaxe,Ylava Toad,25000,1,2023-12-24T02:05:05.000Z,https://universalis.app/market/2522
2523,Iron Pickaxe,Amaya Keyes,19979,1,2024-01-14T06:42:00.000Z,https://universalis.app/market/2523
2524,Initiate's Pickaxe,Trigg Nakamura,10025,1,2023-12-19T22:57:10.000Z,https://universalis.app/market/2524
2525,Iron Dolabra,Laqima Azzy,30000,1,2024-01-08T22:40:33.000Z,https://universalis.app/market/2525
2526,Steel Pickaxe,Gerard Windbreaker,3001,1,2024-01-14T17:41:12.000Z,https://universalis.app/market/2526
2527,Steel Dolabra,Athena Queen,17000,1,2023-12-31T06:42:34.000Z,https://universalis.app/market/2527
2528,Plumed Mythril Pickaxe,Beastycat Darksider,4000,1,2024-01-07T14:09:37.000Z,https://universalis.app/market/2528
5327,Undyed Linen,Sylvana Mul'droth,1000,3,2024-01-08T17:45:40.000Z,https://universalis.app/market/5327
2529,Cobalt Dolabra,Lime Ino,8000,1,2024-01-08T15:02:21.000Z,https://universalis.app/market/2529
2534,Bronze Sledgehammer,Septa Lustramina,5000,1,2023-12-28T22:20:37.000Z,https://universalis.app/market/2534
2536,Initiate's Sledgehammer,Tsuper Duper,50000,1,2024-01-13T05:35:13.000Z,https://universalis.app/market/2536
2537,Iron Sledgehammer,Dirge Rapport,19999,1,2024-01-08T18:55:54.000Z,https://universalis.app/market/2537
2539,Steel Sledgehammer,Midir Galgnir,19999,1,2023-12-25T03:49:35.000Z,https://universalis.app/market/2539
2540,Wrapped Steel Sledgehammer,Mide Mizuki,40000,1,2023-12-26T20:07:15.000Z,https://universalis.app/market/2540
2542,Mythril Sledgehammer,Xiao Kagon,20000,1,2023-12-24T14:42:04.000Z,https://universalis.app/market/2542
2544,Militia Sledgehammer,Reede Sjadarwesfv,40000,1,2024-01-03T19:22:14.000Z,https://universalis.app/market/2544
2546,Bronze Hatchet,Laqima Azzy,25000,1,2023-12-21T03:56:21.000Z,https://universalis.app/market/2546
2547,Amateur's Hatchet,Queen Tasha,30000,1,2023-12-31T02:47:19.000Z,https://universalis.app/market/2547
2548,Iron Hatchet,Tsuper Duper,15000,1,2024-01-13T05:36:01.000Z,https://universalis.app/market/2548
2549,Initiate's Hatchet,Puss N'boot's,14999,1,2023-12-20T20:26:09.000Z,https://universalis.app/market/2549
2550,Brass Hatchet,S'taram Zhwan,1000,1,2024-01-12T03:10:23.000Z,https://universalis.app/market/2550
2551,Plumed Iron Hatchet,Rayquaza Ex,29999,1,2023-12-20T04:41:21.000Z,https://universalis.app/market/2551
5359,Chocobo Feather,Shin Black,1000,2,2024-01-01T00:39:58.000Z,https://universalis.app/market/5359
2552,Steel Hatchet,Fakhet Ragnall,15000,1,2023-12-20T13:38:00.000Z,https://universalis.app/market/2552
2554,Mythril Hatchet,Sylvana Mul'droth,25000,1,2024-01-07T22:18:43.000Z,https://universalis.app/market/2554
2555,Cobalt Hatchet,Reede Sjadarwesfv,49000,1,2024-01-01T00:33:02.000Z,https://universalis.app/market/2555
2556,Horned Hatchet,Kate Storm,40000,1,2024-01-08T20:25:27.000Z,https://universalis.app/market/2556
2560,Bronze Scythe,Zenga Kukatsu,10999,1,2023-12-22T01:35:51.000Z,https://universalis.app/market/2560
2562,Iron Scythe,Sadia Tasir,20000,1,2024-01-09T19:06:34.000Z,https://universalis.app/market/2562
2563,Initiate's Scythe,Sirrom Dareth,7000,1,2024-01-06T04:11:24.000Z,https://universalis.app/market/2563
2565,Steel Scythe,Popowazu Wawawazu,18000,1,2024-01-06T18:49:55.000Z,https://universalis.app/market/2565
2566,Wrapped Steel Scythe,Illidari Nightfall,30000,1,2024-01-02T01:36:05.000Z,https://universalis.app/market/2566
2568,Mythril Scythe,Aryian Cosmic,29999,1,2023-12-28T15:24:42.000Z,https://universalis.app/market/2568
2569,Cobalt Scythe,Kiiffi Kriggs,54000,1,2023-12-27T05:55:14.000Z,https://universalis.app/market/2569
2570,Militia Scythe,Naruto Vowels,30000,1,2023-12-18T01:25:00.000Z,https://universalis.app/market/2570
2572,Maple Fishing Rod,Vaen Jiin,548,1,2023-12-22T19:47:26.000Z,https://universalis.app/market/2572
2573,Amateur's Fishing Rod,Ylava Toad,97,1,2023-12-23T03:58:57.000Z,https://universalis.app/market/2573
2574,Elm Fishing Rod,Momoka Milkus,10000,1,2023-12-30T11:01:58.000Z,https://universalis.app/market/2574
2575,Initiate's Fishing Rod,Courtney William,50000,1,2023-12-26T22:15:53.000Z,https://universalis.app/market/2575
2576,Yew Fishing Rod,Blava Fael,18500,1,2024-01-11T21:48:46.000Z,https://universalis.app/market/2576
2577,Staghorn Fishing Rod,Lockesly L'crit,5000,1,2023-12-18T02:21:05.000Z,https://universalis.app/market/2577
2579,Horn Fishing Rod,Kusaki Genkei,10060,1,2024-01-13T10:51:07.000Z,https://universalis.app/market/2579
2580,Mahogany Fishing Rod,Azem' Persephone,20000,1,2024-01-03T00:57:52.000Z,https://universalis.app/market/2580
2581,Rosewood Fishing Rod,Neio Sol'eki,20000,1,2023-12-24T23:23:49.000Z,https://universalis.app/market/2581
2582,Gilded Rosewood Fishing Rod,W'enaari Nimei,25000,1,2024-01-05T09:31:17.000Z,https://universalis.app/market/2582
2588,Crayfish Ball,Shin Takeru,401,99,2023-12-19T01:54:20.000Z,https://universalis.app/market/2588
4825,Rye Flour,Orion Wil'o,300,30,2023-12-22T03:29:28.000Z,https://universalis.app/market/4825
4925,Crayfish,Ultimate Despair,3500,2,2024-01-08T07:07:09.000Z,https://universalis.app/market/4925
2589,Goby Ball,Divinix Windstar,899,10,2023-12-21T17:42:28.000Z,https://universalis.app/market/2589
4931,Dusk Goby,Arius Galliel,300,5,2024-01-02T06:08:26.000Z,https://universalis.app/market/4931
4880,Helmet Crab,Sly Scarlet,2000,15,2023-12-20T02:05:40.000Z,https://universalis.app/market/4880
2595,Bass Ball,Mugi Pepper,85,99,2023-12-24T16:54:34.000Z,https://universalis.app/market/2595
4826,Sunset Wheat Flour,Arius Galliel,400,15,2024-01-02T06:02:38.000Z,https://universalis.app/market/4826
4959,Dark Bass,Mako Izumi,1699,5,2024-01-08T20:49:36.000Z,https://universalis.app/market/4959
2598,Herring Ball,I'm Home,700,78,2023-12-25T00:09:34.000Z,https://universalis.app/market/2598
4895,Indigo Herring,Twyla Belladonna,1000,5,2023-12-20T19:13:27.000Z,https://universalis.app/market/4895
2610,Chocobo Fly,I'm Home,714,99,2024-01-01T13:33:43.000Z,https://universalis.app/market/2610
2611,Floating Minnow,Oblevee Kaisuri,83,10,2024-01-07T19:17:09.000Z,https://universalis.app/market/2611
2612,Brass Spoon Lure,Yitsutsu Yitsu,150,1,2023-12-18T14:28:34.000Z,https://universalis.app/market/2612
2614,Crow Fly,Yorick Dewitt,499,1,2023-12-18T19:55:31.000Z,https://universalis.app/market/2614
2615,Silver Spoon Lure,Yitsutsu Yitsu,499,3,2023-12-18T14:28:39.000Z,https://universalis.app/market/2615
2616,Steel Jig,Kenta Ma'roash,5999,1,2024-01-13T03:33:31.000Z,https://universalis.app/market/2616
2617,Sinking Minnow,Marielle Glace,10008,1,2024-01-09T23:44:01.000Z,https://universalis.app/market/2617
2618,Snurble Fly,Spinel Star,3500,5,2024-01-10T06:17:17.000Z,https://universalis.app/market/2618
5349,Snurble Tufts,Maria Noob,1000,7,2024-01-09T22:09:38.000Z,https://universalis.app/market/5349
2619,Heavy Steel Jig,Oblevee Kaisuri,6000,2,2024-01-11T15:04:45.000Z,https://universalis.app/market/2619
2620,Spinner,Ell Thyus,5000,5,2024-01-09T13:49:41.000Z,https://universalis.app/market/2620
4900,Whitelip Oyster,Syuri Naldah,2500,9,2023-12-30T03:12:25.000Z,https://universalis.app/market/4900
2622,Mythril Spoon Lure,Saheeli Rai,5000,3,2024-01-10T02:35:40.000Z,https://universalis.app/market/2622
2623,Wildfowl Fly,X'akhra Tiaque,278,15,2024-01-02T03:43:54.000Z,https://universalis.app/market/2623
2624,Topwater Frog,Miki Chinen,10000,3,2023-12-30T19:44:35.000Z,https://universalis.app/market/2624
2625,Rainbow Spoon Lure,Smokey Crusoe,4500,5,2024-01-11T04:20:21.000Z,https://universalis.app/market/2625
5466,Blacklip Oyster,Paean Drekkie,5000,6,2023-12-24T17:18:33.000Z,https://universalis.app/market/5466
2626,Spinnerbait,Mars Knight,5000,5,2023-12-25T00:58:44.000Z,https://universalis.app/market/2626
5329,Undyed Felt,Grimmjak Jaegerjaquez,28000,1,2023-12-27T21:42:53.000Z,https://universalis.app/market/5329
2627,Streamer,Yitsutsu Yitsu,3000,5,2023-12-22T18:54:45.000Z,https://universalis.app/market/2627
2628,Yumizuno,Charlie Stark,5000,5,2024-01-02T03:39:22.000Z,https://universalis.app/market/2628
2629,Hempen Coif,Kidagakesh Atlantia,500,1,2023-12-29T17:44:52.000Z,https://universalis.app/market/2629
2630,Hempen Coif of Gathering,Boezo Braden,1995,1,2023-12-27T22:54:52.000Z,https://universalis.app/market/2630
2631,Leather Calot,Ophelia Violette,98000,1,2024-01-01T19:22:03.000Z,https://universalis.app/market/2631
12590,Ramie Cloth,Dommy-mommy Gator,5000,1,2023-12-18T06:28:10.000Z,https://universalis.app/market/12590
12595,Ramie Thread,Malaqi Himaa,4990,10,2023-12-30T21:43:08.000Z,https://universalis.app/market/12595
2652,Hempen Bandana,Willowgrace Riversong,15000000,1,2024-01-13T01:37:06.000Z,https://universalis.app/market/2652
2653,Leather Eyepatch,Whyyou Madbro,23500000,1,2023-12-19T23:34:22.000Z,https://universalis.app/market/2653
2655,Hempen Hat,Darling Doll,1111,1,2023-12-26T18:58:36.000Z,https://universalis.app/market/2655
2656,Bronze Chain Coif,Ky Ky,35000,1,2024-01-14T19:11:12.000Z,https://universalis.app/market/2656
5081,Bronze Rings,Pachi Shirogane,200,1,2024-01-10T15:28:12.000Z,https://universalis.app/market/5081
2658,Straw Hat,Quinnie Boo,50000000,1,2023-12-18T20:50:04.000Z,https://universalis.app/market/2658
5342,Straw,Zara Ashbluff,2500,4,2024-01-04T02:32:56.000Z,https://universalis.app/market/5342
2660,Amateur's Headgear,Eley Lalafeley,5000,1,2024-01-07T06:36:05.000Z,https://universalis.app/market/2660
2661,Amateur's Hempen Coif,Ai Zgod,10000,1,2023-12-18T02:30:08.000Z,https://universalis.app/market/2661
2662,Bronze Sallet,Tactful Cactus,5000,1,2024-01-01T01:18:09.000Z,https://universalis.app/market/2662
2663,Stablemaid's Hat,Rafflesia Aesthesia,2005,1,2023-12-31T18:06:22.000Z,https://universalis.app/market/2663
5540,Carnation,Aria Dewynter,2001,94,2023-12-18T02:06:32.000Z,https://universalis.app/market/5540
2664,Bronze Barbut,Sayla Hawkwind,10000,1,2023-12-28T06:13:58.000Z,https://universalis.app/market/2664
2665,Cotton Turban,Astrea Ghost,3006,1,2023-12-18T18:18:10.000Z,https://universalis.app/market/2665
2666,Stablehand's Hat,Umari Kisne,5000,1,2023-12-25T05:43:35.000Z,https://universalis.app/market/2666
2668,Brass Spectacles,Kavarion Sien,2006,1,2023-12-19T19:12:59.000Z,https://universalis.app/market/2668
5512,Clear Glass Lens,Inarie Alouette,1000,2,2023-12-24T03:27:08.000Z,https://universalis.app/market/5512
2669,Hard Leather Eyepatch,Gabriel D'dragon,3000,1,2024-01-07T03:25:28.000Z,https://universalis.app/market/2669
2670,Cotton Scarf,Zakarsis M'oonstalker,20000000,1,2023-12-28T02:05:39.000Z,https://universalis.app/market/2670
2672,Hard Leather Skullcap,Anghara Indigo,10101,1,2024-01-01T03:28:24.000Z,https://universalis.app/market/2672
2673,Bronze Celata,Anghara Indigo,4000,1,2024-01-10T12:55:07.000Z,https://universalis.app/market/2673
2675,Ash Mask,Septa Lustramina,1000,1,2024-01-01T02:02:28.000Z,https://universalis.app/market/2675
2677,Hunting Hat,Fox Belle,500,1,2024-01-10T19:14:26.000Z,https://universalis.app/market/2677
2680,Decorated Bronze Barbut,X'ander Kay,40000,1,2023-12-26T01:32:01.000Z,https://universalis.app/market/2680
2685,Brass Circlet (Sunstone),Paddy Black,2480,1,2024-01-07T11:53:13.000Z,https://universalis.app/market/2685
5169,Sunstone,Vito Black,394,2,2023-12-29T22:05:58.000Z,https://universalis.app/market/5169
2687,Brass Circlet (Danburite),Yuki Rena,525,1,2023-12-25T09:34:11.000Z,https://universalis.app/market/2687
5170,Danburite,Gaius Halthorn,200,2,2023-12-31T21:22:32.000Z,https://universalis.app/market/5170
2689,Brass Circlet (Malachite),Ildstorm Djt-dvre,550,1,2024-01-01T11:16:54.000Z,https://universalis.app/market/2689
5171,Malachite,Zephyr Null,675,19,2024-01-11T01:42:27.000Z,https://universalis.app/market/5171
2691,Brass Circlet (Sphene),Nanami Lunaeria,250,1,2024-01-11T07:28:21.000Z,https://universalis.app/market/2691
5172,Sphene,Abelia Hawthorne,50,2,2024-01-05T09:21:32.000Z,https://universalis.app/market/5172
5173,Fluorite,Odjin Yorae,55,2,2024-01-13T02:18:15.000Z,https://universalis.app/market/5173
2695,Brass Circlet (Lapis Lazuli),Everly Aurora,14009,1,2023-12-19T06:18:44.000Z,https://universalis.app/market/2695
5174,Lapis Lazuli,Adhika Sinag,200,1,2024-01-10T00:27:08.000Z,https://universalis.app/market/5174
2699,Cotton Coif,Puss N'boot's,8000,1,2023-12-21T20:58:46.000Z,https://universalis.app/market/2699
2700,Cotton Coif of Gathering,Leon Aurelius,8000,1,2024-01-08T22:23:57.000Z,https://universalis.app/market/2700
2703,Ash Mask (Lapis Lazuli),Zeitgeist Hyuga,40000,1,2024-01-07T16:52:05.000Z,https://universalis.app/market/2703
2708,Iron Sallet,Renegard Castien,40000,1,2023-12-20T21:50:19.000Z,https://universalis.app/market/2708
2710,Goatskin Eyepatch,False Suspect,20000000,1,2023-12-23T04:35:00.000Z,https://universalis.app/market/2710
2712,Iron Celata,Rachine Khihalo,999,1,2024-01-05T20:31:48.000Z,https://universalis.app/market/2712
5082,Iron Rings,Mason Greywolf,1000,10,2024-01-11T02:05:37.000Z,https://universalis.app/market/5082
2714,Initiate's Headgear,Aeri Beri,50000,1,2023-12-31T22:44:36.000Z,https://universalis.app/market/2714
2719,Cotton Sugarloaf Hat,King Bucket,7000,1,2024-01-01T19:18:07.000Z,https://universalis.app/market/2719
2723,Iron Elmo,Mai Veil,20000,1,2024-01-11T02:26:24.000Z,https://universalis.app/market/2723
2725,Reinforced Iron Sallet,Monkey D'luffy',29000,1,2023-12-22T23:19:28.000Z,https://universalis.app/market/2725
2727,Velveteen Bandana,Eith Neir,15000,1,2024-01-08T06:54:52.000Z,https://universalis.app/market/2727
2728,Silver Spectacles,False Promises,18999,1,2023-12-18T04:50:26.000Z,https://universalis.app/market/2728
2729,Velveteen Turban,Blava Fael,28000,1,2024-01-07T13:58:19.000Z,https://universalis.app/market/2729
2731,Silver Magnifiers,Shiro Astris,25000,1,2023-12-20T00:39:05.000Z,https://universalis.app/market/2731
2733,Velveteen Wedge Cap of Crafting,Athena Queen,31999,1,2023-12-31T06:28:43.000Z,https://universalis.app/market/2733
2734,Velveteen Wedge Cap of Gathering,Denji Usagi,6999,1,2023-12-20T21:43:22.000Z,https://universalis.app/market/2734
2735,Silver Circlet (Garnet),Ry'neuth Keki,19990,1,2023-12-29T07:48:43.000Z,https://universalis.app/market/2735
5175,Garnet,Stevie Tiger,495,1,2024-01-06T05:39:10.000Z,https://universalis.app/market/5175
2737,Silver Circlet (Goshenite),Kameko Oblivion,9000,1,2023-12-27T14:25:30.000Z,https://universalis.app/market/2737
5176,Goshenite,Haru Takayama,155,19,2023-12-22T02:30:02.000Z,https://universalis.app/market/5176
2739,Silver Circlet (Peridot),Ai Zgod,5000,1,2023-12-22T10:48:14.000Z,https://universalis.app/market/2739
5177,Peridot,Vivian Vacuus,1400,7,2023-12-21T08:12:59.000Z,https://universalis.app/market/5177
2741,Silver Circlet (Heliodor),Soma Hena,5024,1,2023-12-30T17:27:29.000Z,https://universalis.app/market/2741
5178,Heliodor,Hirofusa Kurogane,1000,1,2024-01-01T06:25:14.000Z,https://universalis.app/market/5178
2743,Silver Circlet (Amethyst),Remina Kawakami,12000,1,2023-12-26T03:50:53.000Z,https://universalis.app/market/2743
5179,Amethyst,Zain Kroix,99,1,2024-01-06T22:35:33.000Z,https://universalis.app/market/5179
2745,Silver Circlet (Aquamarine),Laqima Azzy,8000,1,2024-01-12T23:39:30.000Z,https://universalis.app/market/2745
5180,Aquamarine,Haru Takayama,175,6,2023-12-22T03:47:27.000Z,https://universalis.app/market/5180
2750,Velveteen Beret,Athena Queen,31999,1,2023-12-31T06:51:07.000Z,https://universalis.app/market/2750
5343,Cotton Boll,Serum Nox,900,30,2024-01-02T10:59:37.000Z,https://universalis.app/market/5343
5355,Dodo Feather,Haru Takayama,148,3,2024-01-05T22:31:39.000Z,https://universalis.app/market/5355
2753,Steel Sallet,Lilja Tjade,39999,1,2023-12-20T08:16:51.000Z,https://universalis.app/market/2753
2755,Steel Celata,Ririlao Nonolao,50000,1,2024-01-03T02:06:34.000Z,https://universalis.app/market/2755
2758,Steel Goggles,Jcnegi Lrxefr,30000000,1,2023-12-19T05:45:10.000Z,https://universalis.app/market/2758
2763,Velveteen Sugarloaf Hat,Icarus Blue,31999,1,2023-12-30T01:25:09.000Z,https://universalis.app/market/2763
2765,Steel Elmo,Althea Valorenzzz,5000,1,2023-12-29T10:49:12.000Z,https://universalis.app/market/2765
2767,Skull Eyepatch,Fede Leonhart,39990,1,2023-12-28T01:49:08.000Z,https://universalis.app/market/2767
2769,Mythril Magnifiers,Ogeo Sanchez,3500,1,2024-01-02T08:07:29.000Z,https://universalis.app/market/2769
2774,Mythril Spectacles,Zero Yatsurugi,100037,1,2024-01-05T08:07:32.000Z,https://universalis.app/market/2774
2776,Linen Turban,Alrek Brandt,20000,1,2023-12-18T14:22:47.000Z,https://universalis.app/market/2776
2778,Angler's Hat,Caleina Hidashi,5000,1,2023-12-23T20:54:48.000Z,https://universalis.app/market/2778
2779,Linen Hat,Pandora Pansy,19999,1,2024-01-07T23:38:16.000Z,https://universalis.app/market/2779
2785,Vintage Chef's Hat,Umari Kisne,21000,1,2023-12-27T18:46:32.000Z,https://universalis.app/market/2785
2657,Ripped Chef's Hat,Love Richie,2000,1,2024-01-05T09:43:17.000Z,https://universalis.app/market/2657
2786,Steel Barbut,Fakhet Ragnall,10000,1,2023-12-20T13:38:07.000Z,https://universalis.app/market/2786
2788,Boarskin Pot Helm,Beer Pup,30000,1,2024-01-04T08:10:20.000Z,https://universalis.app/market/2788
2790,Mythril Circlet (Rubellite),Nechaev Casillas,25000,1,2023-12-27T12:21:51.000Z,https://universalis.app/market/2790
5181,Rubellite,Agent Undercover,849,1,2023-12-24T19:09:41.000Z,https://universalis.app/market/5181
2792,Mythril Circlet (Zircon),E'zi Duhzit,500,1,2024-01-02T12:14:25.000Z,https://universalis.app/market/2792
5182,Zircon,Terrah Nisi'amor,1000,1,2023-12-30T05:18:31.000Z,https://universalis.app/market/5182
2794,Mythril Circlet (Tourmaline),Raey Dawn,650,1,2023-12-30T22:38:33.000Z,https://universalis.app/market/2794
2796,Mythril Circlet (Amber),Surreal M'ocean,5041,1,2024-01-07T17:24:48.000Z,https://universalis.app/market/2796
5184,Amber,Aleksandar Corsain,3000,1,2023-12-28T03:09:58.000Z,https://universalis.app/market/5184
2798,Mythril Circlet (Spinel),Beer Pup,10000,1,2023-12-31T07:18:35.000Z,https://universalis.app/market/2798
5185,Spinel,Shen Flips,1000,1,2024-01-02T23:09:38.000Z,https://universalis.app/market/5185
2800,Mythril Circlet (Turquoise),Surreal M'ocean,500,1,2024-01-07T17:27:04.000Z,https://universalis.app/market/2800
5186,Turquoise,Haru Takayama,250,5,2023-12-22T04:31:33.000Z,https://universalis.app/market/5186
2802,Mythril Elmo,Rumi Usagimimi,35000,1,2024-01-05T07:57:32.000Z,https://universalis.app/market/2802
2804,Linen Wedge Cap of Crafting,Monka Finna'gonna,8500,1,2023-12-19T02:36:48.000Z,https://universalis.app/market/2804
2805,Linen Wedge Cap of Gathering,Lime Ino,6500,1,2024-01-08T14:57:12.000Z,https://universalis.app/market/2805
2806,Woolen Coif,Fakhet Ragnall,10000,1,2023-12-29T19:12:54.000Z,https://universalis.app/market/2806
5328,Undyed Woolen Cloth,Bocchizilla Kadar,4999,2,2023-12-29T00:15:41.000Z,https://universalis.app/market/5328
2808,Woolen Coif of Gathering,Talla Dega,24999,1,2024-01-14T00:29:05.000Z,https://universalis.app/market/2808
2810,Woolen Turban,Lilja Tjade,12000,1,2023-12-21T08:15:18.000Z,https://universalis.app/market/2810
2812,Mythril Celata,The Zhue,15000,1,2024-01-05T04:14:31.000Z,https://universalis.app/market/2812
5089,Mythril Rings,Devan Malic,3000,1,2023-12-21T03:50:04.000Z,https://universalis.app/market/5089
2814,Woolen Hat,Alrek Brandt,25000,1,2024-01-07T16:18:56.000Z,https://universalis.app/market/2814
2816,Linen Deerstalker,X'ander Kay,30000,1,2023-12-25T20:29:56.000Z,https://universalis.app/market/2816
2817,Mythril Barbut,Alt One,25000,1,2023-12-28T20:27:14.000Z,https://universalis.app/market/2817
2819,Mythril Mesail,Kaizen Djt-gilda,29000,1,2023-12-30T05:04:09.000Z,https://universalis.app/market/2819
2825,Ranger's Hat,Surreal M'ocean,4051,1,2024-01-07T16:07:30.000Z,https://universalis.app/market/2825
2827,Mythril Chain Coif,Cadence Xyran,14997,1,2024-01-06T00:14:09.000Z,https://universalis.app/market/2827
2829,Woolen Beret,Cinis Tormentium,40000,1,2024-01-11T01:36:56.000Z,https://universalis.app/market/2829
5348,Apkallu Down,Bertrand Levesque,2198,5,2024-01-06T08:00:30.000Z,https://universalis.app/market/5348
2830,Reinforced Mythril Elmo,Divinix Windstar,49999,1,2023-12-18T04:02:37.000Z,https://universalis.app/market/2830
2832,Woolen Cavalier's Hat,Jasmie Argente,9000,1,2023-12-26T23:44:09.000Z,https://universalis.app/market/2832
2834,Cobalt Preserves,Unony Ouo,35000,1,2024-01-08T00:10:29.000Z,https://universalis.app/market/2834
2835,Felt Coif,Artemis Knightingale,17900,1,2024-01-01T00:55:52.000Z,https://universalis.app/market/2835
2837,Felt Coif of Gathering,Kameko Oblivion,12755,1,2023-12-30T20:16:15.000Z,https://universalis.app/market/2837
2850,Cobalt Elmo,Saheeli Rai,22000,1,2024-01-08T20:00:10.000Z,https://universalis.app/market/2850
2852,Felt Hat,Hamburger Help-me,50000,1,2023-12-25T08:44:24.000Z,https://universalis.app/market/2852
2854,Woolen Deerstalker,Jaehawk Oh,10000,1,2023-12-26T07:36:16.000Z,https://universalis.app/market/2854
2855,Vintage Jester's Cap,Sajon Maignes,9986,1,2023-12-27T01:45:46.000Z,https://universalis.app/market/2855
2702,Moldering Jester's Cap,Iintodah Spiedevers,7499,1,2024-01-08T18:39:26.000Z,https://universalis.app/market/2702
2857,Electrum Monocle,Bino Belloski,30001,1,2024-01-04T11:19:13.000Z,https://universalis.app/market/2857
5087,Brass Rings,Arnet Atoel,9,27,2023-12-19T01:07:56.000Z,https://universalis.app/market/5087
2859,Cobalt Barbut,Nebuwu Misamo,78000,1,2023-12-26T17:36:40.000Z,https://universalis.app/market/2859
2861,Cobalt Mesail,Bulbus Strombly,50000,1,2023-12-21T13:14:09.000Z,https://universalis.app/market/2861
2862,Raptorskin Pot Helm,Arcus Coreus,20000,1,2024-01-04T21:43:03.000Z,https://universalis.app/market/2862
2870,Electrum Circlet (Rubellite),Buck Bluebell,40000,1,2023-12-19T03:42:12.000Z,https://universalis.app/market/2870
2872,Electrum Circlet (Zircon),Rayquaza Ex,39999,1,2023-12-20T01:07:42.000Z,https://universalis.app/market/2872
2874,Electrum Circlet (Tourmaline),Surreal M'ocean,10000,1,2024-01-07T17:29:49.000Z,https://universalis.app/market/2874
2876,Electrum Circlet (Amber),Rayquaza Ex,39999,1,2023-12-20T01:07:17.000Z,https://universalis.app/market/2876
2878,Electrum Circlet (Spinel),Rayquaza Ex,39999,1,2023-12-20T01:07:39.000Z,https://universalis.app/market/2878
2882,Rainmaker's Hat,Saeda Nifiri,29997,1,2023-12-18T18:17:08.000Z,https://universalis.app/market/2882
5084,Cobalt Rings,Merinda Sunrider,1111,2,2024-01-08T08:17:28.000Z,https://universalis.app/market/5084
2886,Felt Beret,Twyla Belladonna,45000,1,2023-12-21T18:33:27.000Z,https://universalis.app/market/2886
2888,Vintage Coif,Juniper Knots,28500,1,2024-01-02T02:27:53.000Z,https://universalis.app/market/2888
2759,Torn Coif,Arasen Angura,999,1,2023-12-24T08:04:45.000Z,https://universalis.app/market/2759
2891,Felt Cavalier's Hat,Ry'neuth Keki,65000,1,2023-12-30T05:38:45.000Z,https://universalis.app/market/2891
2893,Cobalt Sallet,Beer Pup,55000,1,2023-12-20T05:26:24.000Z,https://universalis.app/market/2893
2895,Patrician's Wedge Cap,Mei Kumori,49999,1,2024-01-08T00:19:51.000Z,https://universalis.app/market/2895
2911,Militia Barbut,Anaselina La'luna,8000,1,2024-01-07T01:02:43.000Z,https://universalis.app/market/2911
2912,Militia Armet,Coffee Rat,1199,1,2023-12-21T02:54:42.000Z,https://universalis.app/market/2912
2913,Militia Hat,Sable Sunflower,1900,1,2024-01-09T01:15:07.000Z,https://universalis.app/market/2913
2915,Silver Tricorne,Kitkat Kichiko,3996,1,2024-01-10T17:13:06.000Z,https://universalis.app/market/2915
5287,Uraeus Leather,Saika Origo,8002,2,2024-01-07T22:55:48.000Z,https://universalis.app/market/5287
2922,Armorer's Visor,Nox Luna,9999,1,2023-12-27T16:41:49.000Z,https://universalis.app/market/2922
2923,Goldsmith's Turban,Gouiya Cal'reign,50000,1,2023-12-19T08:35:28.000Z,https://universalis.app/market/2923
2925,Weaver's Gibus,Sefi Litsey,6000,1,2024-01-06T04:31:50.000Z,https://universalis.app/market/2925
2927,Culinarian's Hat,Jenkshi Ura,34250,1,2023-12-27T04:15:04.000Z,https://universalis.app/market/2927
2928,Hamlet Digger's Helmet,Trigg Nakamura,30065,1,2024-01-14T01:30:22.000Z,https://universalis.app/market/2928
2929,Hamlet Cutter's Hat,Rev Rhanithil,50000,1,2023-12-19T19:08:26.000Z,https://universalis.app/market/2929
2932,Rose Gold Circlet,Misty Thistle,1998,1,2023-12-29T21:41:55.000Z,https://universalis.app/market/2932
2931,Legionary Visor,Eona Claymore,30000000,1,2023-12-29T19:35:00.000Z,https://universalis.app/market/2931
5067,Rose Gold Ingot,Raikyo Deus,702,1,2024-01-02T06:13:00.000Z,https://universalis.app/market/5067
2933,Imperial Operative Tricorne,Reacyn Pogue,499,1,2024-01-12T23:34:34.000Z,https://universalis.app/market/2933
2934,Imperial Operative Hat,Jack Wight,250,1,2023-12-30T20:01:58.000Z,https://universalis.app/market/2934
2938,Gryphonskin Bandana,Midori Ren,2999,1,2024-01-06T13:24:16.000Z,https://universalis.app/market/2938
5289,Hard Hippogryph Leather,Agent Undercover,2699,1,2024-01-06T15:29:54.000Z,https://universalis.app/market/5289
2939,Gryphonskin Hat,Lekaka Leka,1895,1,2024-01-10T01:18:09.000Z,https://universalis.app/market/2939
2940,Darksteel Chain Coif,Fireze Zacrid,2491,1,2024-01-13T02:24:50.000Z,https://universalis.app/market/2940
5085,Darksteel Rings,Faira Vexas,1297,4,2023-12-30T01:49:55.000Z,https://universalis.app/market/5085
2941,Vanya Hat of Casting,Vchbeg Jqtwac,102000000,1,2024-01-10T21:00:11.000Z,https://universalis.app/market/2941
5577,Vanya Silk Hat Lining,Didri Winterset,2024,2,2024-01-01T03:09:53.000Z,https://universalis.app/market/5577
2942,Vanya Hat of Healing,Yu Levara,9083,1,2024-01-13T15:28:01.000Z,https://universalis.app/market/2942
2958,Hempen Dalmatica,Princess Shortcake,51000000,1,2024-01-04T23:02:24.000Z,https://universalis.app/market/2958
2959,Hempen Dalmatica of Gathering,Ophelia Gojko,2000,1,2024-01-07T23:53:52.000Z,https://universalis.app/market/2959
2960,Hempen Tunic,Clown Chan,80000000,1,2023-12-21T03:29:43.000Z,https://universalis.app/market/2960
2961,Hempen Kurta,Avim Hald,500,1,2023-12-30T01:48:35.000Z,https://universalis.app/market/2961
2993,Company Tabard,Baatu Ura,1445000,1,2024-01-12T22:12:46.000Z,https://universalis.app/market/2993
2996,Hempen Undershirt,Maloria Tsukiko,44000000,1,2023-12-29T18:30:24.000Z,https://universalis.app/market/2996
2997,Hempen Camise,Trishana O'mogson,1000000,1,2024-01-12T20:54:19.000Z,https://universalis.app/market/2997
2999,Hempen Tabard,Myren Astaseul,10000,1,2023-12-19T23:38:51.000Z,https://universalis.app/market/2999
3000,Hempen Cowl,Yelra Ymir,111,1,2023-12-29T03:57:15.000Z,https://universalis.app/market/3000
3001,Hempen Shepherd's Tunic,Talla Dega,40000,1,2024-01-01T21:07:31.000Z,https://universalis.app/market/3001
3008,Hempen Acton,Tactful Cactus,3499,1,2024-01-05T22:50:58.000Z,https://universalis.app/market/3008
5341,Moko Grass,Jin Ayasami,30000,5,2024-01-06T02:33:09.000Z,https://universalis.app/market/5341
3010,Hempen Halfrobe,Adrassteia Veniiya,24000,1,2024-01-14T18:03:45.000Z,https://universalis.app/market/3010
3011,Bronze Haubergeon,Tactful Cactus,35000,1,2023-12-31T01:54:00.000Z,https://universalis.app/market/3011
3013,Amateur's Doublet Vest,Stella Nuvelle,5000,1,2024-01-01T17:45:21.000Z,https://universalis.app/market/3013
3014,Amateur's Kurta,Asterius Seheult,100000000,1,2024-01-01T22:04:39.000Z,https://universalis.app/market/3014
3015,Amateur's Dalmatica,Evie Nights,10001,1,2024-01-02T21:50:50.000Z,https://universalis.app/market/3015
3016,Leather Jacket,Daenera Starlight,4000,1,2023-12-31T02:54:08.000Z,https://universalis.app/market/3016
3017,Hard Leather Harness,Ka'ai Sun,10000,1,2024-01-08T00:07:10.000Z,https://universalis.app/market/3017
3018,Hempen Robe,Septa Lustramina,7000,1,2023-12-26T21:18:16.000Z,https://universalis.app/market/3018
3019,Hempen Doublet Vest of Crafting,Naruto Vowels,9000,1,2024-01-07T01:15:02.000Z,https://universalis.app/market/3019
3020,Hempen Doublet Vest of Gathering,Acoustiq Beatz,5000,1,2023-12-21T03:51:48.000Z,https://universalis.app/market/3020
3022,Cotton Shirt,Surly Panther,3011,1,2023-12-26T03:59:46.000Z,https://universalis.app/market/3022
3023,Cotton Shepherd's Tunic,Naruto Vowels,50000,1,2023-12-20T03:06:25.000Z,https://universalis.app/market/3023
3024,Cotton Cowl,Myst Amaris,2000,1,2024-01-10T01:17:54.000Z,https://universalis.app/market/3024
3026,Bronze Cuirass,Sigurd Snow-hair,2111,1,2023-12-24T16:28:30.000Z,https://universalis.app/market/3026
3028,Cotton Tabard,Nori Lie,5000,1,2023-12-31T23:22:30.000Z,https://universalis.app/market/3028
3036,Cotton Dalmatica,Yugiri Kinugawa,50000,1,2023-12-23T02:36:23.000Z,https://universalis.app/market/3036
3038,Cotton Dalmatica of Gathering,Momoka Milkus,50000,1,2023-12-30T11:02:40.000Z,https://universalis.app/market/3038
3039,Cotton Acton,Rayquaza Ex,45000,1,2023-12-20T01:57:52.000Z,https://universalis.app/market/3039
3041,Cotton Kurta,Catgirl Waifu,5000,1,2024-01-04T17:50:21.000Z,https://universalis.app/market/3041
3045,Iron Cuirass,Alexander Hawkstorm,1000,1,2024-01-10T08:09:35.000Z,https://universalis.app/market/3045
3050,Cotton Halfrobe,Zan'ra Bera,15000,1,2023-12-28T23:21:17.000Z,https://universalis.app/market/3050
3052,Cotton Doublet Vest of Crafting,Masha Tayuun,49999,1,2023-12-18T06:58:33.000Z,https://universalis.app/market/3052
3053,Cotton Doublet Vest of Gathering,Puss N'boot's,29550,1,2023-12-23T05:54:17.000Z,https://universalis.app/market/3053
3057,Iron Scale Mail,Vaulxis Wiessdrachen,25000,1,2023-12-21T05:20:11.000Z,https://universalis.app/market/3057
3060,Cotton Trapper's Tunic,Larielis Elanesse,9000,1,2023-12-20T15:32:19.000Z,https://universalis.app/market/3060
3062,Cotton Robe,Rylen Moonfrost,8000,1,2024-01-07T20:19:43.000Z,https://universalis.app/market/3062
3064,Initiate's Doublet Vest,Umari Kisne,9999,1,2023-12-27T03:11:08.000Z,https://universalis.app/market/3064
3065,Initiate's Gown,Athena Queen,9000,1,2023-12-31T06:52:25.000Z,https://universalis.app/market/3065
3066,Velveteen Shirt,Nell Higgins,8000,1,2024-01-07T13:39:34.000Z,https://universalis.app/market/3066
3068,Heavy Iron Armor,Wolph Fonfabre,1026,1,2023-12-25T07:15:34.000Z,https://universalis.app/market/3068
3076,Vintage Coatee,Amazon Lily,16900,1,2023-12-26T17:23:48.000Z,https://universalis.app/market/3076
3009,Moth-eaten Coatee,Surreal M'ocean,30000,1,2024-01-10T09:05:30.000Z,https://universalis.app/market/3009
3077,Velveteen Coatee of Crafting,Billy Bum,20000,1,2024-01-02T21:47:13.000Z,https://universalis.app/market/3077
3090,Velveteen Cowl,Odette Farrell,16998,1,2023-12-21T19:05:49.000Z,https://universalis.app/market/3090
3092,Velveteen Coatee of Gathering,Ragnvald Gyrmoensyn,15000,1,2024-01-12T06:51:20.000Z,https://universalis.app/market/3092
3096,Steel Chainmail,Jesse Brandy,29999,1,2023-12-19T22:02:38.000Z,https://universalis.app/market/3096
5083,Steel Rings,Bluu Rae,2250,14,2023-12-25T14:19:45.000Z,https://universalis.app/market/5083
3099,Toadskin Jerkin,Guy Gregor,20000,1,2024-01-01T20:32:24.000Z,https://universalis.app/market/3099
3100,Toadskin Jacket,Aeri Beri,45000,1,2024-01-01T18:17:37.000Z,https://universalis.app/market/3100
3102,Steel Cuirass,Dismas Saramenti,3000,1,2023-12-21T04:24:27.000Z,https://universalis.app/market/3102
3104,Velveteen Gown,Soma Hena,50000,1,2023-12-30T17:22:37.000Z,https://universalis.app/market/3104
3105,Vintage Doublet Vest,Lilith Nox,34650,1,2024-01-09T02:28:52.000Z,https://universalis.app/market/3105
2998,Frayed Cotton Doublet Vest,Lady Kibby,7798,1,2023-12-24T05:01:49.000Z,https://universalis.app/market/2998
3106,Velveteen Robe,Leon Dakrow,50000,1,2024-01-11T02:16:15.000Z,https://universalis.app/market/3106
3118,Steel Scale Mail,Liebre Lunar,15000,1,2023-12-23T08:40:26.000Z,https://universalis.app/market/3118
3120,Velveteen Doublet Vest of Crafting,Cardi Hi-c,39000,1,2023-12-29T05:02:53.000Z,https://universalis.app/market/3120
3121,Velveteen Doublet Vest of Gathering,Caleina Hidashi,35000,1,2023-12-18T23:48:16.000Z,https://universalis.app/market/3121
3125,Linen Shirt,Omy Cron,29999,1,2023-12-18T18:18:52.000Z,https://universalis.app/market/3125
3127,Heavy Steel Armor,Bino Belloski,28000,1,2024-01-04T11:07:19.000Z,https://universalis.app/market/3127
3131,Linen Robe,Sirrom Dareth,19999,1,2024-01-13T02:33:43.000Z,https://universalis.app/market/3131
3137,Vintage Chef's Apron,Ironic Cooper,25000,1,2024-01-05T01:30:51.000Z,https://universalis.app/market/3137
3012,Stained Chef's Apron,Popowazu Wawawazu,8000,1,2024-01-06T18:48:26.000Z,https://universalis.app/market/3012
3138,Boarskin Harness,Azura Highwind,30000,1,2024-01-09T21:26:22.000Z,https://universalis.app/market/3138
3140,Linen Cowl,Ifritson Firedude,19000,1,2023-12-24T00:26:03.000Z,https://universalis.app/market/3140
3142,Horn Scale Mail,Kainan Syn'n,25000,1,2023-12-22T05:59:52.000Z,https://universalis.app/market/3142
3144,Linen Coatee of Crafting,Catnip Lacroix,40000,1,2023-12-19T22:23:54.000Z,https://universalis.app/market/3144
3145,Linen Coatee of Gathering,Saheeli Rai,14000,1,2024-01-05T18:04:30.000Z,https://universalis.app/market/3145
3146,Linen Bliaud,Kainan Syn'n,25000,1,2024-01-07T18:58:43.000Z,https://universalis.app/market/3146
3147,Woolen Shirt,Alex Skyborn,20000,1,2024-01-11T20:31:56.000Z,https://universalis.app/market/3147
3149,Mythril Cuirass,The Zhue,48000,1,2024-01-05T04:14:36.000Z,https://universalis.app/market/3149
3160,Woolen Robe,Risette Khilo,50000,1,2024-01-01T21:35:15.000Z,https://universalis.app/market/3160
3162,Linen Smock,Hotpot Combo,30000,1,2024-01-06T08:28:32.000Z,https://universalis.app/market/3162
3163,Linen Doublet,Kumac Nunes,26950,1,2023-12-28T00:36:50.000Z,https://universalis.app/market/3163
3164,Vintage Scale Mail,Abby Whelihan,39999,1,2023-12-20T21:27:30.000Z,https://universalis.app/market/3164
3021,Blackened Scale Mail,Huriah Dawnbringer,2000,1,2024-01-01T08:25:50.000Z,https://universalis.app/market/3021
3165,Peisteskin Harness,Zero Yatsurugi,50000,1,2024-01-01T06:55:48.000Z,https://universalis.app/market/3165
3172,Ranger's Tunic,Talicat Ashwood,21996,1,2024-01-12T05:14:00.000Z,https://universalis.app/market/3172
3176,Woolen Gown,Annette Hitachine,39999,1,2023-12-21T18:52:21.000Z,https://universalis.app/market/3176
3177,Boarskin Jerkin,Kaja Futhke,38499,1,2023-12-29T20:15:10.000Z,https://universalis.app/market/3177
3178,Woolen Bliaud,Miana Himeko,2996,1,2023-12-22T16:44:51.000Z,https://universalis.app/market/3178
3180,High Mythril Armor,Leonidas Qitta,75000,1,2023-12-19T09:59:59.000Z,https://universalis.app/market/3180
3182,Vintage Seneschal Coatee,Shen Bapiro,23970,1,2023-12-18T04:08:40.000Z,https://universalis.app/market/3182
3098,Moth-eaten Seneschal Coatee,Ryuu Ryoko,20064,1,2024-01-04T11:35:42.000Z,https://universalis.app/market/3098
3183,Tortoiseshell Scale Mail,Kairewyn Vanura,85,1,2023-12-22T06:30:12.000Z,https://universalis.app/market/3183
3185,Felt Robe,Lani Kedves,24989,1,2023-12-29T03:46:33.000Z,https://universalis.app/market/3185
3187,Woolen Smock,Aric Leifur,24999,1,2024-01-12T17:17:28.000Z,https://universalis.app/market/3187
3188,Woolen Doublet,Star Sil'feria,477900000,1,2023-12-23T18:41:03.000Z,https://universalis.app/market/3188
3191,Raptorskin Harness,Estherin Kailen,18000,1,2023-12-18T22:37:58.000Z,https://universalis.app/market/3191
3201,Rainmaker's Tunic,T'falah Thyellas,23997,1,2023-12-19T06:41:24.000Z,https://universalis.app/market/3201
3203,Cobalt Haubergeon,Ryuuga Soratonomi,49999,1,2024-01-01T05:04:40.000Z,https://universalis.app/market/3203
3205,Felt Gown,Lizzie Blackheart,33000,1,2023-12-27T10:21:35.000Z,https://universalis.app/market/3205
3206,Raptorskin Jerkin,Sazuka Gheldari,499999,1,2024-01-06T16:22:47.000Z,https://universalis.app/market/3206
3208,Vintage Robe,Prince Popoto,31249,1,2023-12-27T15:30:56.000Z,https://universalis.app/market/3208
3209,Cobalt Cuirass,Nyanko Latte,50000,1,2023-12-23T06:01:02.000Z,https://universalis.app/market/3209
3211,Felt Bliaud,Monkey D'luffy',50000,1,2023-12-22T23:20:08.000Z,https://universalis.app/market/3211
3213,Raptorskin Jacket,Jcnegi Lrxefr,51000000,1,2024-01-02T03:51:41.000Z,https://universalis.app/market/3213
3215,Patrician's Coatee,Dezkiimro Avagnar,49999,1,2024-01-09T11:09:28.000Z,https://universalis.app/market/3215
3218,Vintage Haubergeon,Nyanko Latte,28989,1,2023-12-25T20:47:16.000Z,https://universalis.app/market/3218
3059,Ripped Haubergeon,Merinda Sunrider,1000,1,2024-01-08T05:11:46.000Z,https://universalis.app/market/3059
3232,Goldsmith's Doublet,Gouiya Cal'reign,44999,1,2023-12-19T08:35:25.000Z,https://universalis.app/market/3232
3234,Weaver's Swallowtail,Melty Blood,65000,1,2024-01-01T22:08:16.000Z,https://universalis.app/market/3234
3237,Miner's Shirt,Trigg Nakamura,59999,1,2024-01-14T01:30:09.000Z,https://universalis.app/market/3237
3238,Botanist's Doublet,Rev Rhanithil,70000,1,2023-12-19T19:08:59.000Z,https://universalis.app/market/3238
3239,Fisher's Shirt,Yxeng Tataraji,49900,1,2023-12-20T18:11:12.000Z,https://universalis.app/market/3239
3240,Militia Robe,Sable Sunflower,1999,1,2024-01-09T01:13:34.000Z,https://universalis.app/market/3240
3241,Militia Cuirass,Sylvi Ost,14000,1,2023-12-19T01:34:57.000Z,https://universalis.app/market/3241
3242,Militia Harness,Akira Satoru,13500,1,2023-12-21T21:26:10.000Z,https://universalis.app/market/3242
3243,Mosshorn Scale Mail,Sol Tenebris,7994,1,2024-01-11T11:39:50.000Z,https://universalis.app/market/3243
5437,Mossy Horn,Veneria Foreshadow,650,1,2023-12-19T23:17:31.000Z,https://universalis.app/market/5437
3244,Dodore Doublet,Joshy Kinz,75000,1,2024-01-09T19:38:20.000Z,https://universalis.app/market/3244
5286,Dodore Leather,Nishi Il,499,2,2024-01-08T05:23:58.000Z,https://universalis.app/market/5286
3249,Imperial Operative Dalmatica,Popowazu Wawawazu,4000,1,2023-12-25T04:57:43.000Z,https://universalis.app/market/3249
3256,Heavy Darksteel Armor,Shirokei Kha,2001,1,2024-01-09T10:29:36.000Z,https://universalis.app/market/3256
5585,Darksteel Breastplate,Bisque Doll,3000,1,2024-01-06T20:35:30.000Z,https://universalis.app/market/5585
3257,Darksteel Haubergeon,Zenga Kukatsu,2000,1,2023-12-24T12:18:46.000Z,https://universalis.app/market/3257
5105,Garlean Steel Plate,Lulu Djt-hallon,2000,1,2024-01-14T04:48:08.000Z,https://universalis.app/market/5105
3258,Gryphonskin Jerkin,Mayuki Asai,7699,1,2023-12-30T20:40:39.000Z,https://universalis.app/market/3258
5290,Coeurl Fur,Kit Katharsis,45,2,2023-12-22T03:57:41.000Z,https://universalis.app/market/5290
5581,Gryphonskin Shoulder Guards,Didri Winterset,2100,2,2024-01-01T03:10:30.000Z,https://universalis.app/market/5581
5104,Garlean Steel Joint,Kayuza Yayreza,10000,1,2024-01-13T10:56:46.000Z,https://universalis.app/market/5104
3260,Vanya Robe of Casting,Bao Popoto,6985,1,2023-12-24T20:04:35.000Z,https://universalis.app/market/3260
5578,Vanya Silk Robe Lining,Didri Winterset,2194,2,2024-01-01T03:10:04.000Z,https://universalis.app/market/5578
3261,Vanya Robe of Healing,Ghebbi Zhuu,4999,1,2023-12-19T23:18:33.000Z,https://universalis.app/market/3261
3274,Hempen Breeches,Kethix Olara,30000,1,2023-12-19T15:29:12.000Z,https://universalis.app/market/3274
3275,Hempen Breeches of Crafting,Septa Lustramina,849,1,2023-12-22T01:05:21.000Z,https://universalis.app/market/3275
3276,Hempen Shepherd's Slops,Alia Hald,35000,1,2023-12-30T04:54:48.000Z,https://universalis.app/market/3276
3307,Hempen Underpants,Lira Ormont,2500,1,2024-01-10T23:14:42.000Z,https://universalis.app/market/3307
3308,Hempen Pantalettes,Kagome Leonheart,44100000,1,2024-01-06T09:08:14.000Z,https://universalis.app/market/3308
3309,Hempen Chausses,Laqima Azzy,25000,1,2024-01-05T02:04:40.000Z,https://universalis.app/market/3309
3310,Leather Culottes,Mango Parfait,30000000,1,2023-12-25T21:06:46.000Z,https://universalis.app/market/3310
3311,Hempen Sarouel,Meriel Demora,20000,1,2024-01-09T15:03:29.000Z,https://universalis.app/market/3311
3312,Hempen Tights,Verro Sync,24495,1,2024-01-05T06:40:26.000Z,https://universalis.app/market/3312
3313,Hempen Kecks,Sirrom Dareth,10000,1,2023-12-26T21:21:28.000Z,https://universalis.app/market/3313
3314,Hempen Gaskins,Eustace Midnight,14000,1,2024-01-01T04:06:01.000Z,https://universalis.app/market/3314
3315,Amateur's Slops,Billy Bum,23999,1,2024-01-11T00:30:25.000Z,https://universalis.app/market/3315
3316,Amateur's Breeches,Ravi Oli,23999,1,2024-01-08T23:56:16.000Z,https://universalis.app/market/3316
3317,Hempen Bottoms,Eley Lalafeley,9876,1,2024-01-07T06:36:41.000Z,https://universalis.app/market/3317
3318,Hempen Trousers,Rose Merick,24000,1,2024-01-10T17:04:30.000Z,https://universalis.app/market/3318
3319,Hard Leather Subligar,Terrace De'tusk,9000,1,2023-12-22T07:10:40.000Z,https://universalis.app/market/3319
3320,Striped Cotton Slops,Anghara Indigo,10000,1,2023-12-20T11:47:31.000Z,https://universalis.app/market/3320
3321,Cotton Sarouel,Eustace Midnight,10000,1,2024-01-01T04:05:48.000Z,https://universalis.app/market/3321
3322,Cotton Shepherd's Slops,Mashangi Rygat,35000,1,2024-01-08T20:10:09.000Z,https://universalis.app/market/3322
3324,Cotton Chausses,Saki Dagasi,14000,1,2024-01-04T05:30:58.000Z,https://universalis.app/market/3324
3325,Padded Hempen Trousers,Anghara Indigo,1111,1,2024-01-11T17:10:00.000Z,https://universalis.app/market/3325
3327,Cotton Tights,Yoruichi Shiho'in,33999,1,2023-12-27T01:25:06.000Z,https://universalis.app/market/3327
3332,Cotton Trousers,Rishu Syer,20000,1,2024-01-05T22:23:05.000Z,https://universalis.app/market/3332
3334,Cotton Breeches,Claire Dern,25000,1,2024-01-11T11:52:03.000Z,https://universalis.app/market/3334
3336,Cotton Breeches of Crafting,Masha Tayuun,99999,1,2023-12-18T06:58:55.000Z,https://universalis.app/market/3336
3337,Goatskin Brais,Lonewolf Corey,5000,1,2023-12-31T20:25:25.000Z,https://universalis.app/market/3337
3339,Padded Cotton Trousers,Sirrom Dareth,12000,1,2024-01-02T14:09:45.000Z,https://universalis.app/market/3339
3341,Initiate's Slops,Sapphire Silferia,486460000,1,2023-12-23T18:39:50.000Z,https://universalis.app/market/3341
3343,Cotton Gaskins,Leo Knightus,15550,1,2023-12-29T23:13:07.000Z,https://universalis.app/market/3343
