id,name,buyerName,pricePerUnit,quantity,timestamp,universalisUrl
1602,Bronze Bastard Sword,Ungoliant Lanhar,3000,1,2023-10-16T07:22:12.000Z,https://universalis.app/market/1602
2,Fire Shard,Nir Rjuva,175,55,2023-10-25T01:29:42.000Z,https://universalis.app/market/2
5,Earth Shard,Jair Tyyresias,100,100,2023-10-19T22:16:46.000Z,https://universalis.app/market/5
5056,Bronze Ingot,Dex Incognito,920,2,2023-10-26T22:40:24.000Z,https://universalis.app/market/5056
5361,Maple Lumber,Tux Rose,992,1,2023-10-22T08:28:05.000Z,https://universalis.app/market/5361
5432,Bone Chip,Lunaria Luna,7300000,1,2023-10-05T03:09:30.000Z,https://universalis.app/market/5432
1603,Viking Sword,Chimes Fluffle,3000,1,2023-10-07T06:45:03.000Z,https://universalis.app/market/1603
5275,Leather,Strider Strix,1000,10,2023-10-04T12:12:46.000Z,https://universalis.app/market/5275
1604,Ash Macuahuitl,Lyric Uzal,10000000,1,2023-10-05T01:47:08.000Z,https://universalis.app/market/1604
3,Ice Shard,Zaen Midlandian,110,458,2023-10-09T21:25:00.000Z,https://universalis.app/market/3
4,Wind Shard,Ms Eldari,175,55,2023-10-04T02:11:04.000Z,https://universalis.app/market/4
5124,Obsidian,Where'smy Tia,51,99,2023-10-21T18:30:08.000Z,https://universalis.app/market/5124
5364,Ash Lumber,Strider Strix,2000,6,2023-10-04T12:02:13.000Z,https://universalis.app/market/5364
1605,Bronze Spatha,Lili Neko,6900,1,2023-10-03T15:43:38.000Z,https://universalis.app/market/1605
5276,Hard Leather,Sidon Bearpants,300000,7,2023-10-21T03:45:55.000Z,https://universalis.app/market/5276
5434,Ram Horn,Leem Cheese,1001,4,2023-10-15T02:20:07.000Z,https://universalis.app/market/5434
1607,Brass Bastard Sword,Cutie Muffin,1061,1,2023-10-09T17:31:20.000Z,https://universalis.app/market/1607
5063,Brass Ingot,Akari Sara,700,1,2023-10-08T04:53:51.000Z,https://universalis.app/market/5063
1609,Brass Viking Sword,Gelther Ashdale,499,1,2023-10-21T22:06:24.000Z,https://universalis.app/market/1609
5277,Aldgoat Leather,S'rau Vorai,5002,1,2023-10-24T07:47:57.000Z,https://universalis.app/market/5277
1611,Carnage Sword,Trik Ari,988,1,2023-10-28T00:23:40.000Z,https://universalis.app/market/1611
1614,Iron Shortsword,Sindri Vanja,9999,1,2023-10-17T07:25:14.000Z,https://universalis.app/market/1614
5057,Iron Ingot,Nyx Daemonborne,1000,8,2023-10-28T21:10:08.000Z,https://universalis.app/market/5057
5367,Elm Lumber,Index Curia,2000,3,2023-10-22T21:15:46.000Z,https://universalis.app/market/5367
1622,Iron Spatha,Sindri Vanja,2850,1,2023-10-19T00:08:45.000Z,https://universalis.app/market/1622
5435,Antelope Horn,Tsubame Yatsurugi,1400,1,2023-10-29T19:02:47.000Z,https://universalis.app/market/5435
1625,Steel Broadsword,Monsieur Yasuo,7000,1,2023-10-28T18:43:44.000Z,https://universalis.app/market/1625
5058,Steel Ingot,Retroactive Augury,7779,1,2023-10-05T07:37:44.000Z,https://universalis.app/market/5058
5371,Walnut Lumber,Kinda Chad-ngl,2000,1,2023-10-04T23:11:02.000Z,https://universalis.app/market/5371
5444,Wolf Fang,Fuyu Hanako,4948,3,2023-10-22T03:17:58.000Z,https://universalis.app/market/5444
1627,Elm Macuahuitl,Imali Gregory,3000,1,2023-10-09T11:53:14.000Z,https://universalis.app/market/1627
1633,Steel Falchion,Nuticus Maximus,21000,1,2023-10-04T14:18:58.000Z,https://universalis.app/market/1633
5260,Siltstone Whetstone,Terry Fay,1500,10,2023-10-09T00:39:13.000Z,https://universalis.app/market/5260
1635,Vintage Bastard Sword,H'aldris Va'zhul,25000,1,2023-10-13T02:14:10.000Z,https://universalis.app/market/1635
8,Fire Crystal,Nyx Severin,84,501,2023-10-24T17:18:07.000Z,https://universalis.app/market/8
5259,Mudstone Whetstone,Surana Kyrain,601,1,2023-10-09T11:05:46.000Z,https://universalis.app/market/5259
1637,Walnut Macuahuitl,Imali Gregory,10600,1,2023-10-07T22:57:08.000Z,https://universalis.app/market/1637
5125,Wyvern Obsidian,Surana Kyrain,1111,1,2023-10-07T01:03:40.000Z,https://universalis.app/market/5125
1639,Steel Longsword,Vayne Carudas,29999,1,2023-10-29T13:36:19.000Z,https://universalis.app/market/1639
5504,Fish Glue,Ms Eldari,2000,1,2023-10-06T10:36:09.000Z,https://universalis.app/market/5504
1613,Blunt Goblin Scimitar,Ryo Saeba,1999,1,2023-10-06T10:44:04.000Z,https://universalis.app/market/1613
1643,Mythril Broadsword,A'katri Yang,11160,1,2023-10-24T19:55:58.000Z,https://universalis.app/market/1643
5065,Mythril Ingot,Sam Dickey,2999,66,2023-10-18T01:16:08.000Z,https://universalis.app/market/5065
5373,Oak Lumber,Shuleyn Elilnebbwyn,4000,5,2023-10-12T00:07:00.000Z,https://universalis.app/market/5373
11,Earth Crystal,Surly Panther,1000,50,2023-10-23T07:22:57.000Z,https://universalis.app/market/11
1616,Nicked Viking Sword,Alistaire Al'thor,30035,1,2023-10-26T03:12:09.000Z,https://universalis.app/market/1616
5262,Basilisk Whetstone,Surana Kyrain,3800,1,2023-10-10T09:25:46.000Z,https://universalis.app/market/5262
1650,Plumed Oak Macuahuitl,Ofelia Griffa,5000,1,2023-10-07T10:29:22.000Z,https://universalis.app/market/1650
5360,Wildfowl Feather,Top Doge,2500,3,2023-10-06T03:31:10.000Z,https://universalis.app/market/5360
1657,Cobalt Katzbalger,X'rhiz Xx,5000,1,2023-10-24T16:47:29.000Z,https://universalis.app/market/1657
5059,Cobalt Ingot,Gurann Natsu,2500,10,2023-10-08T12:54:16.000Z,https://universalis.app/market/5059
5066,Electrum Ingot,Shiki Serene,21000,3,2023-10-28T03:39:35.000Z,https://universalis.app/market/5066
5282,Boar Leather,Emily Greymane,6000,1,2023-10-13T20:25:09.000Z,https://universalis.app/market/5282
1659,Cobalt Shamshir,Gurann Natsu,49999,1,2023-10-08T12:35:41.000Z,https://universalis.app/market/1659
5436,Aldgoat Horn,Mina Heartstone,4200,1,2023-10-10T04:38:30.000Z,https://universalis.app/market/5436
1663,Cobalt Winglet,Khadryn Wrynn,50000,1,2023-10-11T01:49:08.000Z,https://universalis.app/market/1663
5374,Mahogany Lumber,L'azura Manyan,5000,17,2023-10-26T18:30:39.000Z,https://universalis.app/market/5374
5465,Sunrise Tellin,Rainz Bal'fyre,1000,49,2023-10-26T23:10:47.000Z,https://universalis.app/market/5465
5505,Horn Glue,Kana Hanamoto,9300,1,2023-10-27T02:52:36.000Z,https://universalis.app/market/5505
1666,Giantsgall Longsword,Askja Greyashe,10000,1,2023-10-07T16:11:00.000Z,https://universalis.app/market/1666
18,Lightning Cluster,Kerttu Laerke,298,812,2023-10-04T22:45:15.000Z,https://universalis.app/market/18
19,Water Cluster,Yami Celes,456,100,2023-10-12T13:44:24.000Z,https://universalis.app/market/19
7579,Mossy Stone Sword,Nora Belle,10,1,2023-10-09T17:44:20.000Z,https://universalis.app/market/7579
7620,Diluted Vitriol,Hintrikki Horo,800,9,2023-10-08T14:00:15.000Z,https://universalis.app/market/7620
1670,Aeolian Scimitar,Morgane Lionheart,97299,1,2023-10-03T20:59:58.000Z,https://universalis.app/market/1670
1636,Blunt Aeolian Scimitar,Visca Stormbringer,974,1,2023-10-21T16:31:17.000Z,https://universalis.app/market/1636
5061,Darksteel Nugget,Esme Tyata,5000,2,2023-10-20T00:07:45.000Z,https://universalis.app/market/5061
1673,Mailbreaker,Astraea Jager,8110,1,2023-10-13T08:27:48.000Z,https://universalis.app/market/1673
14,Fire Cluster,Nashu Mew,190,10,2023-10-08T01:13:58.000Z,https://universalis.app/market/14
17,Earth Cluster,Aieny Celenovia,175,55,2023-10-12T16:18:06.000Z,https://universalis.app/market/17
5068,Rose Gold Nugget,Hexhera Rayne,20000,11,2023-10-11T00:42:01.000Z,https://universalis.app/market/5068
5288,Hippogryph Leather,Taeryn Rynn,4900,1,2023-10-24T05:19:57.000Z,https://universalis.app/market/5288
5570,Mailbreaker Blade,Didrianna Winterset,2021,1,2023-10-21T01:24:19.000Z,https://universalis.app/market/5570
1681,Bone Hora,Ouka Ootori,20000,1,2023-10-04T00:54:39.000Z,https://universalis.app/market/1681
5318,Animal Sinew,Voyce Heart,1000,2,2023-10-20T16:02:17.000Z,https://universalis.app/market/5318
1682,Leather Himantes,Questra Djt-nong,7000,1,2023-10-16T21:03:48.000Z,https://universalis.app/market/1682
5324,Undyed Hempen Cloth,Samuel Poe,500,7,2023-10-07T10:48:53.000Z,https://universalis.app/market/5324
1683,Ramhorn Claws,Kayn Sukehiro,400,1,2023-10-23T02:57:53.000Z,https://universalis.app/market/1683
1684,Bronze Knuckles,Amati Amour,5000,1,2023-10-04T17:18:15.000Z,https://universalis.app/market/1684
1685,Hard Leather Himantes,Axton Dragonheart,99,1,2023-10-28T15:49:39.000Z,https://universalis.app/market/1685
1686,Brass Knuckles,Amati Amour,5000,1,2023-10-04T17:16:27.000Z,https://universalis.app/market/1686
1688,Goatskin Cesti,Tran Tran,1800,1,2023-10-10T01:34:53.000Z,https://universalis.app/market/1688
5319,Beast Sinew,Nyx Severin,475,10,2023-10-29T22:02:46.000Z,https://universalis.app/market/5319
1694,Spiked Knuckles,Sindri Vanja,10000,1,2023-10-18T07:28:36.000Z,https://universalis.app/market/1694
5072,Iron Plate,Akuma Mir,1000,6,2023-10-21T18:09:48.000Z,https://universalis.app/market/5072
1697,Toadskin Cesti,Jeanna Starfoot,4750,1,2023-10-23T15:35:16.000Z,https://universalis.app/market/1697
5280,Toad Leather,Raynee Day,13000,1,2023-10-06T04:03:18.000Z,https://universalis.app/market/5280
5320,Diremite Sinew,A'stra Tia,2500,2,2023-10-19T17:36:37.000Z,https://universalis.app/market/5320
1699,Steel Claws,Nightmare Gaverna,5000,1,2023-10-11T10:08:54.000Z,https://universalis.app/market/1699
5073,Steel Plate,Echo Lockhart,2300,1,2023-10-15T00:13:55.000Z,https://universalis.app/market/5073
1706,Crabshell Hora,Flavius Stalks,49999,1,2023-10-23T03:01:03.000Z,https://universalis.app/market/1706
5321,Hippogryph Sinew,Paz Khatayin,1000,2,2023-10-07T23:39:53.000Z,https://universalis.app/market/5321
5456,Green Megalocrab Shell,Remi Malqir,500,1,2023-10-09T04:35:42.000Z,https://universalis.app/market/5456
1708,Boarskin Himantes,Arizona Sun-tea,21999,1,2023-10-06T02:21:49.000Z,https://universalis.app/market/1708
1711,Mythril Claws,Etrius Deathdealer,50000,1,2023-10-06T06:14:36.000Z,https://universalis.app/market/1711
5079,Mythril Plate,Surly Panther,7779,7,2023-10-04T13:24:29.000Z,https://universalis.app/market/5079
1716,Tortoiseshell Hora,Stevie Thomas,4000,1,2023-10-18T16:15:26.000Z,https://universalis.app/market/1716
5322,Raptor Sinew,Lilith Dreadhorne,1989,3,2023-10-29T23:10:22.000Z,https://universalis.app/market/5322
5458,Adamantoise Shell,Juniper Gin,19,8,2023-10-06T19:41:38.000Z,https://universalis.app/market/5458
1723,Cobalt Knuckles,Raynee Day,29800,1,2023-10-20T18:54:30.000Z,https://universalis.app/market/1723
1728,Peisteskin Cesti,Hans Pendragosi,1000,1,2023-10-21T04:11:14.000Z,https://universalis.app/market/1728
5284,Peiste Leather,Dazlark Rolynn,1700,1,2023-10-23T19:35:30.000Z,https://universalis.app/market/5284
5285,Raptor Leather,Valiant Asano,1690,2,2023-10-25T18:54:46.000Z,https://universalis.app/market/5285
1733,Cobalt Claws,Nebuwu Misamo,15000,1,2023-10-09T19:39:36.000Z,https://universalis.app/market/1733
5074,Cobalt Plate,Sanya Arun'del,4000,6,2023-10-04T21:07:05.000Z,https://universalis.app/market/5074
1736,Giantsgall Claws,Jean Boltguard,4000,1,2023-10-29T18:04:01.000Z,https://universalis.app/market/1736
1740,Wildling's Cesti,Shin Black,74199,1,2023-10-07T07:43:49.000Z,https://universalis.app/market/1740
10,Wind Crystal,Lilliluke Arde,998,200,2023-10-07T18:53:54.000Z,https://universalis.app/market/10
5567,Bloody Cesti Covers,Didrianna Winterset,2000,1,2023-10-08T00:57:04.000Z,https://universalis.app/market/5567
1743,Avengers,Dessi Hyskaris,7164,1,2023-10-26T15:28:09.000Z,https://universalis.app/market/1743
5378,Spruce Lumber,Lorethys Serethar,7500,1,2023-10-08T23:11:28.000Z,https://universalis.app/market/5378
5571,Avenger Grips,Didrianna Winterset,2099,2,2023-10-08T00:57:42.000Z,https://universalis.app/market/5571
1750,Bronze War Axe,Menel Hollowmoon,440000000,1,2023-10-29T03:58:20.000Z,https://universalis.app/market/1750
1751,Bronze Labrys,Anghara Indigo,4106,1,2023-10-21T19:09:24.000Z,https://universalis.app/market/1751
1752,Cloud Axe,Bal Gammon,100,1,2023-10-22T19:10:28.000Z,https://universalis.app/market/1752
1753,Spiked Bronze Labrys,Questra Djt-nong,12000,1,2023-10-17T20:58:44.000Z,https://universalis.app/market/1753
1754,Iron War Axe,Dark Sunshine,10000,1,2023-10-15T02:28:55.000Z,https://universalis.app/market/1754
1756,Iron Labrys,Nyx Umbra,3014,1,2023-10-13T11:47:16.000Z,https://universalis.app/market/1756
1758,Inferno Axe,Retroactive Augury,5000,1,2023-10-03T16:39:42.000Z,https://universalis.app/market/1758
1764,Iron Bill,Reighven Wrekz,10000,1,2023-10-04T19:33:02.000Z,https://universalis.app/market/1764
4856,Clove Oil,Diotrephes Saddy,3000,5,2023-10-08T15:12:30.000Z,https://universalis.app/market/4856
5368,Yew Lumber,Panthanaea Silverwood,2500,8,2023-10-11T22:13:39.000Z,https://universalis.app/market/5368
1766,Thunderstorm Axe,Wind-up Astrid,28000000,1,2023-10-12T20:49:24.000Z,https://universalis.app/market/1766
5064,Silver Ingot,Akari Nye,50000000,1,2023-10-11T03:32:19.000Z,https://universalis.app/market/5064
1769,Spiked Steel Labrys,Arinasai Rokuyari,10000,1,2023-10-17T16:57:53.000Z,https://universalis.app/market/1769
1776,Steel Bardiche,Endoh Reaper,21060,1,2023-10-04T05:06:52.000Z,https://universalis.app/market/1776
5405,Yew Branch,Farren Jarrett,1025,20,2023-10-15T23:30:07.000Z,https://universalis.app/market/5405
1778,Steel Bhuj,Nakia Uchiha,39999,1,2023-10-05T02:46:53.000Z,https://universalis.app/market/1778
1781,Spiked Mythril Labrys,Ben Sakai,20000,1,2023-10-19T13:54:36.000Z,https://universalis.app/market/1781
1786,Mythril Bhuj,Mr Mattattack,21201,1,2023-10-08T15:34:35.000Z,https://universalis.app/market/1786
1796,Buccaneer's Bardiche,Cocoa Puffins,49000,1,2023-10-26T04:10:06.000Z,https://universalis.app/market/1796
5414,Rosewood Branch,Zaen Midlandian,1000,5,2023-10-13T16:02:24.000Z,https://universalis.app/market/5414
1800,Vintage Bill,Jenni Code,17000,1,2023-10-03T18:00:17.000Z,https://universalis.app/market/1800
1801,Demilune Bhuj,Callisto Pendragon,30000,1,2023-10-15T23:48:47.000Z,https://universalis.app/market/1801
5196,Jadeite,Diotrephes Saddy,3333,2,2023-10-08T15:31:43.000Z,https://universalis.app/market/5196
1803,Spiked Cobalt Labrys,Rui Lin,30000,1,2023-10-18T01:29:16.000Z,https://universalis.app/market/1803
5376,Rosewood Lumber,Tsubame Yatsurugi,3500,1,2023-10-09T04:27:30.000Z,https://universalis.app/market/5376
1806,Giantsgall War Axe,Ugandan Zeo,8164,1,2023-10-27T00:03:40.000Z,https://universalis.app/market/1806
7580,Mossy Stone Axe,Nora Belle,5,1,2023-10-09T17:44:24.000Z,https://universalis.app/market/7580
1810,Barbarian's Bardiche,Ogdin Osto,69799,1,2023-10-04T00:04:13.000Z,https://universalis.app/market/1810
5566,Bloody Bardiche Head,Izayoi Hattori,2160,1,2023-10-08T17:43:04.000Z,https://universalis.app/market/5566
1813,Rampager,Nebben Eezerscrooge,9000,1,2023-10-28T01:59:55.000Z,https://universalis.app/market/1813
5075,Darksteel Plate,Tekada Talos,5200,1,2023-10-28T01:44:48.000Z,https://universalis.app/market/5075
5572,Rampager Head,Didrianna Winterset,2000,1,2023-10-08T00:57:49.000Z,https://universalis.app/market/5572
1820,Bone Harpoon,Selene Horises,8000,1,2023-10-04T22:11:52.000Z,https://universalis.app/market/1820
5503,Animal Glue,Raynee Day,600,1,2023-10-21T08:33:02.000Z,https://universalis.app/market/5503
1821,Bronze Spear,Anghara Indigo,3000,1,2023-10-21T19:07:58.000Z,https://universalis.app/market/1821
5482,Fish Oil,Solis Blitzkrieg,500,2,2023-10-13T16:38:59.000Z,https://universalis.app/market/5482
1822,Ramhorn Harpoon,Cain Tennos,2800,1,2023-10-29T00:13:20.000Z,https://universalis.app/market/1822
1823,Feathered Harpoon,Havok Crippleton,4000,1,2023-10-12T02:26:28.000Z,https://universalis.app/market/1823
5352,Crow Feather,Ouka Ootori,800,1,2023-10-27T15:05:42.000Z,https://universalis.app/market/5352
5433,Soiled Femur,Nell Higgins,1001,13,2023-10-04T23:07:48.000Z,https://universalis.app/market/5433
1824,Brass Spear,Aerie Lamia,95,1,2023-10-10T21:36:46.000Z,https://universalis.app/market/1824
1825,Iron Spear,Nightmare Gaverna,7999,1,2023-10-21T10:06:07.000Z,https://universalis.app/market/1825
1827,Iron Lance,Oberon Yllavaris,25000,1,2023-10-17T08:31:49.000Z,https://universalis.app/market/1827
1833,Iron Guisarme,Miki Chinen,15000,1,2023-10-14T05:14:09.000Z,https://universalis.app/market/1833
1836,Silver Battle Fork,Jijima Jima,6000,1,2023-10-23T01:23:58.000Z,https://universalis.app/market/1836
5484,Crab Oil,Inarie Alouette,6000,1,2023-10-13T18:52:45.000Z,https://universalis.app/market/5484
1838,Steel Halberd,Imali Gregory,3000,1,2023-10-15T14:13:37.000Z,https://universalis.app/market/1838
1845,Steel Spear,Juicy Iryut,12000,1,2023-10-06T15:58:01.000Z,https://universalis.app/market/1845
1847,Heavy Steel Lance,Capulus Tempus,16000,1,2023-10-14T02:32:35.000Z,https://universalis.app/market/1847
1850,Yarzonshell Harpoon,Sigdish Gro'robug,23000,1,2023-10-09T03:09:46.000Z,https://universalis.app/market/1850
5454,Yellow Yarzon Leg,Jeanna Starfoot,98,8,2023-10-05T03:58:55.000Z,https://universalis.app/market/5454
1855,Mythril Lance,Vero Peeter,27000,1,2023-10-10T06:32:58.000Z,https://universalis.app/market/1855
1862,Cobalt Halberd,Akari Sara,36000,1,2023-10-05T04:49:53.000Z,https://universalis.app/market/1862
1867,Cobalt Trident,Kassandra Kobayashi,23000,1,2023-10-17T06:00:01.000Z,https://universalis.app/market/1867
5486,Shark Oil,Diotrephes Saddy,4444,1,2023-10-09T14:20:29.000Z,https://universalis.app/market/5486
1871,Vintage Guisarme,Dazlark Rolynn,9999,1,2023-10-23T19:33:47.000Z,https://universalis.app/market/1871
9,Ice Crystal,Alexandar Mccaffrey,175,55,2023-10-11T02:00:38.000Z,https://universalis.app/market/9
1872,Hart Guisarme,Invoker Jack,30000,1,2023-10-14T01:04:46.000Z,https://universalis.app/market/1872
1875,Giantsgall Trident,Where'smy Tia,1165,1,2023-10-12T11:09:16.000Z,https://universalis.app/market/1875
7582,Mossy Stone Spear,Linia Dedoldia,375,1,2023-10-19T18:02:30.000Z,https://universalis.app/market/7582
1879,Champion's Lance,No Rin,89097,1,2023-10-27T13:02:49.000Z,https://universalis.app/market/1879
5565,Bloody Lance Head,Akuma Mir,10000,1,2023-10-13T01:06:07.000Z,https://universalis.app/market/5565
1882,Obelisk,Where'smy Tia,1999,1,2023-10-12T11:09:47.000Z,https://universalis.app/market/1882
5573,Obelisk Head,Didrianna Winterset,2100,1,2023-10-08T00:58:01.000Z,https://universalis.app/market/5573
1891,Maple Shortbow,Hung Horne,30000000,1,2023-10-14T02:16:32.000Z,https://universalis.app/market/1891
5333,Hempen Yarn,Lhei'a Lyhega,85,1,2023-10-07T04:12:36.000Z,https://universalis.app/market/5333
1892,Maple Longbow,Yulia Solay,3400,1,2023-10-22T20:37:46.000Z,https://universalis.app/market/1892
5396,Maple Branch,Mika Lawrence,93,2,2023-10-10T00:06:35.000Z,https://universalis.app/market/5396
1893,Plumed Maple Shortbow,Johnny Rocky,200,1,2023-10-08T22:41:59.000Z,https://universalis.app/market/1893
5351,Cock Feather,Nemetona Logedanrel,200,1,2023-10-03T20:01:35.000Z,https://universalis.app/market/5351
1894,Wrapped Maple Longbow,Yami Celes,200,1,2023-10-11T12:19:17.000Z,https://universalis.app/market/1894
5402,Ash Branch,Dietrich Ostendorff,3000,1,2023-10-08T12:57:47.000Z,https://universalis.app/market/5402
1895,Ash Shortbow,Nuticus Maximus,12000,1,2023-10-04T14:18:23.000Z,https://universalis.app/market/1895
1897,Elm Longbow,Shiro Chan,14999,1,2023-10-23T22:27:34.000Z,https://universalis.app/market/1897
5334,Cotton Yarn,Top Doge,500,11,2023-10-06T03:23:39.000Z,https://universalis.app/market/5334
1899,Elm Velocity Bow,Korea Mathilda,50000,1,2023-10-13T22:19:49.000Z,https://universalis.app/market/1899
1905,Wrapped Elm Longbow,Weihan Jin,8000,1,2023-10-22T20:39:38.000Z,https://universalis.app/market/1905
1908,Ash Composite Bow,Barthelemew Hotpump,7741,1,2023-10-12T23:18:33.000Z,https://universalis.app/market/1908
1915,Ash Cavalry Bow,Hydro Xander,19999,1,2023-10-11T23:52:47.000Z,https://universalis.app/market/1915
5409,Oak Branch,Celestial Night,600,68,2023-10-12T12:53:02.000Z,https://universalis.app/market/5409
1917,Oak Longbow,Retroactive Augury,39999,1,2023-10-05T03:49:55.000Z,https://universalis.app/market/1917
5336,Linen Yarn,Penguin Tree,1500,4,2023-10-05T04:17:34.000Z,https://universalis.app/market/5336
1920,Mythril Cavalry Bow,Solaara Windynn,30000,1,2023-10-21T00:48:44.000Z,https://universalis.app/market/1920
1925,Oak Composite Bow,Sonorous Bell,55000,1,2023-10-20T09:37:46.000Z,https://universalis.app/market/1925
1932,Cobalt Cavalry Bow,Meyrin Hawk,72000,1,2023-10-21T22:48:40.000Z,https://universalis.app/market/1932
1937,Yew Longbow,Rei Zarggon,48000,1,2023-10-22T00:31:12.000Z,https://universalis.app/market/1937
1941,Vintage Bow,Reiselle Feuillelains,25000,1,2023-10-12T22:41:13.000Z,https://universalis.app/market/1941
1942,Crab Bow,Invitation Tohades,49999,1,2023-10-23T06:57:39.000Z,https://universalis.app/market/1942
5462,Red Coral,Thistle Loezkhanwyn,5000,1,2023-10-06T18:47:49.000Z,https://universalis.app/market/5462
1945,Giantsgall Longbow,Nebben Eezerscrooge,4964,1,2023-10-28T01:38:22.000Z,https://universalis.app/market/1945
7583,Mossy Stone Bow,Linia Dedoldia,100,3,2023-10-19T18:02:42.000Z,https://universalis.app/market/7583
1949,Longarm's Composite Bow,J'inwa Jarmana,98800,1,2023-10-11T06:04:03.000Z,https://universalis.app/market/1949
5568,Bloody Bow Rim,Fortuna Gia,2300,1,2023-10-04T18:40:56.000Z,https://universalis.app/market/5568
1953,Sarnga,Where'smy Tia,2165,1,2023-10-12T11:15:05.000Z,https://universalis.app/market/1953
15,Ice Cluster,Elwynn Sama,44,501,2023-10-23T15:33:50.000Z,https://universalis.app/market/15
16,Wind Cluster,Zero Amiya,301,343,2023-10-10T21:05:52.000Z,https://universalis.app/market/16
5574,Sarnga Limb,Didrianna Winterset,2099,2,2023-10-21T01:25:16.000Z,https://universalis.app/market/5574
1958,Maple Wand,Chigusa Obinata,11090,1,2023-10-09T00:24:13.000Z,https://universalis.app/market/1958
6,Lightning Shard,Nyx Kos,175,55,2023-10-09T07:08:47.000Z,https://universalis.app/market/6
7,Water Shard,Only Fantasies,175,55,2023-10-04T11:52:02.000Z,https://universalis.app/market/7
5470,Growth Formula Alpha,Selene Horises,10002,10,2023-10-04T22:44:24.000Z,https://universalis.app/market/5470
1959,Whispering Maple Wand,Saphrina Lunalet,5000,1,2023-10-09T04:31:30.000Z,https://universalis.app/market/1959
1960,Budding Maple Wand,Jijima Jima,4999,1,2023-10-19T20:37:39.000Z,https://universalis.app/market/1960
5492,Beastkin Blood,Nagha Ganajai,101,29,2023-10-15T20:57:52.000Z,https://universalis.app/market/5492
1961,Ash Wand,Retroactive Augury,5000,1,2023-10-09T08:58:31.000Z,https://universalis.app/market/1961
5471,Growth Formula Beta,Yami Celes,3000,2,2023-10-25T05:22:52.000Z,https://universalis.app/market/5471
1963,Budding Ash Wand,Eilian Nemes,11015,1,2023-10-05T22:06:12.000Z,https://universalis.app/market/1963
1965,Whispering Ash Wand,Ishtar Anastasia,3499,1,2023-10-30T02:13:09.000Z,https://universalis.app/market/1965
5493,Scalekin Blood,Yami Celes,2000,5,2023-10-17T04:37:11.000Z,https://universalis.app/market/5493
1967,Yew Wand,Nuticus Maximus,10000,1,2023-10-04T14:55:36.000Z,https://universalis.app/market/1967
1969,Budding Yew Wand,Ume Chorrynth,10000,1,2023-10-24T23:35:09.000Z,https://universalis.app/market/1969
1971,Budding Oak Wand,Oberon Yllavaris,30000,1,2023-10-23T06:50:03.000Z,https://universalis.app/market/1971
4603,Hi-Potion of Mind,Nono Hato,2500,3,2023-10-12T03:03:54.000Z,https://universalis.app/market/4603
1974,Wand of Frost,Angel Black,25000,1,2023-10-18T01:57:38.000Z,https://universalis.app/market/1974
5199,Eye of Ice,Ibe Profen,177,1,2023-10-06T15:43:09.000Z,https://universalis.app/market/5199
5472,Growth Formula Gamma,Khang Nguyen,15000,5,2023-10-29T19:35:29.000Z,https://universalis.app/market/5472
1976,Wand of Tremors,Keygon Drakenguard,40000,1,2023-10-28T09:34:50.000Z,https://universalis.app/market/1976
5201,Eye of Earth,Jade Star,450000,1,2023-10-06T05:18:36.000Z,https://universalis.app/market/5201
1978,Wand of Tides,Maya Alimont,30000,1,2023-10-13T02:53:15.000Z,https://universalis.app/market/1978
5203,Eye of Water,Nir Rjuva,15,1,2023-10-04T00:49:01.000Z,https://universalis.app/market/5203
1981,Wand of Flames,Jibril Narukami,988,1,2023-10-15T04:22:33.000Z,https://universalis.app/market/1981
5198,Eye of Fire,Cinnamon Pancakes,799,6,2023-10-07T06:59:37.000Z,https://universalis.app/market/5198
5200,Eye of Wind,Axton Dragonheart,300,1,2023-10-11T05:14:52.000Z,https://universalis.app/market/5200
5202,Eye of Lightning,Talesh Nymphaea,100,1,2023-10-24T11:42:35.000Z,https://universalis.app/market/5202
1987,Budding Rosewood Wand,Julio Drakon,59999,1,2023-10-07T23:29:11.000Z,https://universalis.app/market/1987
4608,Mega-Potion of Mind,Raynee Day,10000,1,2023-10-17T02:25:30.000Z,https://universalis.app/market/4608
5494,Spoken Blood,Sleepy Ferret,2700,1,2023-10-07T22:26:51.000Z,https://universalis.app/market/5494
1996,Maple Cane,Questra Djt-nong,9995,1,2023-10-15T20:00:33.000Z,https://universalis.app/market/1996
1997,Maple Crook,Questra Djt-nong,23390,1,2023-10-17T20:58:39.000Z,https://universalis.app/market/1997
1998,Ash Radical,Itsleviosa Notleviosa,4751,1,2023-10-08T21:26:06.000Z,https://universalis.app/market/1998
2000,Elm Cane,Yuki Rena,4401,1,2023-10-13T03:48:09.000Z,https://universalis.app/market/2000
2002,Elm Crook,Ranco Dalanco,200,1,2023-10-05T22:08:21.000Z,https://universalis.app/market/2002
2004,Yew Radical,Reighven Wrekz,10600,1,2023-10-04T19:32:48.000Z,https://universalis.app/market/2004
2010,Pastoral Yew Cane,Lumin Surt,1005,1,2023-10-12T20:23:21.000Z,https://universalis.app/market/2010
2011,Yew Crook,Drogo Barriot,4500,1,2023-10-12T18:56:54.000Z,https://universalis.app/market/2011
2015,Walnut Cane,Cocoa Puffins,29999,1,2023-10-25T05:49:58.000Z,https://universalis.app/market/2015
2021,Plumed Yew Crook,Capulus Tempus,21600,1,2023-10-09T23:02:49.000Z,https://universalis.app/market/2021
2023,Oak Radical,Rejykt Mirage,21700,1,2023-10-09T04:32:27.000Z,https://universalis.app/market/2023
2026,Pastoral Oak Cane,Hydro Xander,30000,1,2023-10-16T21:54:01.000Z,https://universalis.app/market/2026
2030,Sprouting Rosewood Radical,Xavion Qestir,17000,1,2023-10-10T04:17:53.000Z,https://universalis.app/market/2030
2039,Jade Crook,Havok Crippleton,39999,1,2023-10-12T02:34:39.000Z,https://universalis.app/market/2039
2041,Vintage Cane,Amuri Zalure,26999,1,2023-10-10T01:38:16.000Z,https://universalis.app/market/2041
2014,Splintered Cane,Swedish Fika,30000,1,2023-10-24T16:36:00.000Z,https://universalis.app/market/2014
2044,Pastoral Mahogany Cane,Lunaria Moonschild,8000,1,2023-10-23T18:51:49.000Z,https://universalis.app/market/2044
5335,Dew Thread,Shiki Serene,3200,2,2023-10-22T21:05:13.000Z,https://universalis.app/market/5335
2047,Tane Mahuta,Miss Mako,22799,1,2023-10-22T20:53:15.000Z,https://universalis.app/market/2047
5555,Ochu Vine,Elyse Heilende,5000,5,2023-10-27T04:19:29.000Z,https://universalis.app/market/5555
2048,Giantsgall Cane,Where'smy Tia,2100,1,2023-10-12T11:18:35.000Z,https://universalis.app/market/2048
2049,Madman's Whispering Rod,Aisling Greytide,95000,1,2023-10-25T00:33:31.000Z,https://universalis.app/market/2049
12,Lightning Crystal,Clif Ardu,175,55,2023-10-29T11:52:43.000Z,https://universalis.app/market/12
13,Water Crystal,Handsome Stranger,80,1000,2023-10-06T19:03:06.000Z,https://universalis.app/market/13
5473,Growth Formula Delta,Ultimate Kane,5000,2,2023-10-10T22:53:06.000Z,https://universalis.app/market/5473
5537,Thavnairian Mistletoe,Phoe R'ysinge,145,3,2023-10-07T02:46:09.000Z,https://universalis.app/market/5537
5547,Vampire Plant,Ms Eldari,180,19,2023-10-10T09:28:09.000Z,https://universalis.app/market/5547
2051,Alkalurops,Crashing Glacier,4999,1,2023-10-07T21:48:46.000Z,https://universalis.app/market/2051
5575,Suspended Trillium Flower,Didrianna Winterset,1990,4,2023-10-21T01:25:34.000Z,https://universalis.app/market/5575
2056,Bone Brand,Questra Djt-nong,10000,1,2023-10-11T03:54:25.000Z,https://universalis.app/market/2056
5197,Marbled Eye,Cheeky Peaches,2500,1,2023-10-14T06:46:00.000Z,https://universalis.app/market/5197
2057,Copper Scepter,Drogo Barriot,500,1,2023-10-03T20:37:56.000Z,https://universalis.app/market/2057
5062,Copper Ingot,Ouka Ootori,200,20,2023-10-09T18:34:51.000Z,https://universalis.app/market/5062
2058,Bronze Scepter,D'usian M'dina,2500,1,2023-10-13T21:33:33.000Z,https://universalis.app/market/2058
2059,Brass Cudgel,Oberon Yllavaris,999,1,2023-10-16T12:24:41.000Z,https://universalis.app/market/2059
2061,Decorated Copper Scepter,Yxeng Tataraji,1666,1,2023-10-06T17:05:46.000Z,https://universalis.app/market/2061
5258,Ragstone Whetstone,Angel Lotusgrove,210,1,2023-10-08T06:00:24.000Z,https://universalis.app/market/5258
2063,Wind Brand,Mr Mattattack,9999,1,2023-10-15T10:19:50.000Z,https://universalis.app/market/2063
2066,Ice Brand,Drogo Barriot,5024,1,2023-10-18T22:15:52.000Z,https://universalis.app/market/2066
2069,Silver Scepter,Thorn Koe,23,1,2023-10-16T19:35:09.000Z,https://universalis.app/market/2069
5527,Brimstone,Magnolia Lan,2900,1,2023-10-11T23:02:27.000Z,https://universalis.app/market/5527
2071,Earth Brand,Umai Otousan,49999,1,2023-10-18T22:14:41.000Z,https://universalis.app/market/2071
2078,Fire Brand,Raynee Day,29000,1,2023-10-17T02:07:47.000Z,https://universalis.app/market/2078
2083,Lightning Brand,Zaphyria Lantosi,9999,1,2023-10-29T16:39:21.000Z,https://universalis.app/market/2083
5489,Quicksilver,Ahksa Lhasde,795,1,2023-10-26T04:43:41.000Z,https://universalis.app/market/5489
5092,Iron Rivets,Vivian Lily,4000,1,2023-10-28T13:36:57.000Z,https://universalis.app/market/5092
2094,Water Brand,Arinasai Rokuyari,7007,1,2023-10-26T15:32:26.000Z,https://universalis.app/market/2094
2097,Jade Scepter,Patton Thera,11999,1,2023-10-04T11:13:07.000Z,https://universalis.app/market/2097
5168,Jade,Cinnamon Apple,100,21,2023-10-16T11:56:06.000Z,https://universalis.app/market/5168
5439,Ogre Horn,Ms Eldari,500,1,2023-10-09T23:57:11.000Z,https://universalis.app/market/5439
2102,Sanguine Scepter,Syn Syn,92099,1,2023-10-05T19:35:18.000Z,https://universalis.app/market/2102
5206,Pinprick Pebble,Ms Eldari,499,1,2023-10-05T23:02:57.000Z,https://universalis.app/market/5206
2106,Bone Staff,Fire Ashes,9000,1,2023-10-04T14:33:54.000Z,https://universalis.app/market/2106
2107,Ramhorn Staff,Questra Djt-nong,9000,1,2023-10-15T20:00:49.000Z,https://universalis.app/market/2107
2108,Decorated Bone Staff,Oberon Yllavaris,5000,1,2023-10-12T18:44:03.000Z,https://universalis.app/market/2108
5442,Bat Fang,Yuber Grimgeir,1000,3,2023-10-24T18:19:55.000Z,https://universalis.app/market/5442
2109,Toothed Ramhorn Staff,Tzuki Naomi,8150,1,2023-10-05T09:40:42.000Z,https://universalis.app/market/2109
2111,Staghorn Staff,Fox Warbird,20000,1,2023-10-27T01:02:31.000Z,https://universalis.app/market/2111
2116,Sanguine Horn Staff,Ultra Violent,275,1,2023-10-08T01:15:30.000Z,https://universalis.app/market/2116
2118,Toothed Staghorn Staff,Milaen Fyth,5000,1,2023-10-15T01:36:39.000Z,https://universalis.app/market/2118
2121,Goathorn Staff,Zette Denali,10053,1,2023-10-08T17:19:53.000Z,https://universalis.app/market/2121
2123,Toothed Goathorn Staff,Pella Peach,64999,1,2023-10-23T00:45:52.000Z,https://universalis.app/market/2123
2125,Horn Staff,Havok Crippleton,39999,1,2023-10-11T23:19:20.000Z,https://universalis.app/market/2125
2130,Black Horn Staff,Kassandra Kobayashi,8200,1,2023-10-22T23:33:11.000Z,https://universalis.app/market/2130
2133,Ivory Staff,Ceres Midi,39998,1,2023-10-12T23:19:58.000Z,https://universalis.app/market/2133
2136,Giantsgall Longstaff,Where'smy Tia,999,1,2023-10-12T11:16:36.000Z,https://universalis.app/market/2136
2139,Astrolabe,Amari Mrhys,10000,1,2023-10-14T08:05:23.000Z,https://universalis.app/market/2139
5576,Astrolabe Clinometer,Didrianna Winterset,2000,2,2023-10-08T00:58:25.000Z,https://universalis.app/market/5576
2143,Leather Grimoire,Nebben Eezerscrooge,8000,1,2023-10-26T09:21:50.000Z,https://universalis.app/market/2143
5380,Maple Log,Strange Mouse,1250,30,2023-10-11T17:04:49.000Z,https://universalis.app/market/5380
5475,Enchanted Copper Ink,Ninako Fallheart,34,1,2023-10-21T01:10:24.000Z,https://universalis.app/market/5475
2144,Maple Picatrix,Ouka Ootori,3000,1,2023-10-20T15:53:36.000Z,https://universalis.app/market/2144
2145,Engraved Leather Grimoire,Retroactive Augury,1200,1,2023-10-03T22:32:46.000Z,https://universalis.app/market/2145
5383,Ash Log,Dietrich Ostendorff,1000,2,2023-10-08T12:00:15.000Z,https://universalis.app/market/5383
2146,Ash Picatrix,Mr Mattattack,7000,1,2023-10-16T07:13:31.000Z,https://universalis.app/market/2146
2147,Hard Leather Grimoire,Mindamo Feldamo,15000,1,2023-10-16T01:43:18.000Z,https://universalis.app/market/2147
5385,Elm Log,Nama Zu,300,99,2023-10-03T22:43:56.000Z,https://universalis.app/market/5385
5476,Enchanted Iron Ink,Amber Mystic,600,2,2023-10-17T20:56:48.000Z,https://universalis.app/market/5476
2149,Engraved Hard Leather Grimoire,Reinhard Lohengramm,10000,1,2023-10-07T16:41:27.000Z,https://universalis.app/market/2149
5386,Yew Log,Etrius Deathdealer,250,65,2023-10-08T01:56:56.000Z,https://universalis.app/market/5386
2151,Yew Picatrix,Yxeng Tataraji,15000,1,2023-10-15T16:33:39.000Z,https://universalis.app/market/2151
2156,Goatskin Grimoire,Hydro Xander,15000,1,2023-10-25T00:31:01.000Z,https://universalis.app/market/2156
5477,Enchanted Silver Ink,Nathan Lexington,8000,14,2023-10-24T22:45:38.000Z,https://universalis.app/market/5477
2160,Engraved Goatskin Grimoire,Kassandra Kobayashi,25000,1,2023-10-17T06:01:15.000Z,https://universalis.app/market/2160
5388,Walnut Log,Lofi Toast,1000,2,2023-10-05T01:21:15.000Z,https://universalis.app/market/5388
2166,Book of Silver,Ash Mori,19999,1,2023-10-08T13:06:09.000Z,https://universalis.app/market/2166
5390,Oak Log,Igeyorrhm Of-rhetoric,489,99,2023-10-15T12:56:25.000Z,https://universalis.app/market/5390
2169,Embossed Book of Silver,Billie Dylus,25000,1,2023-10-10T02:36:40.000Z,https://universalis.app/market/2169
2174,Book of Mythril,Ume Chorrynth,22000,1,2023-10-28T23:57:08.000Z,https://universalis.app/market/2174
5346,Flax,Luna Moonshine,2120,9,2023-10-10T01:49:22.000Z,https://universalis.app/market/5346
5478,Enchanted Mythril Ink,Felix Lansera,975,1,2023-10-04T02:16:53.000Z,https://universalis.app/market/5478
2184,Vintage Picatrix,Pinkus Kinkus,30050,1,2023-10-27T20:59:02.000Z,https://universalis.app/market/2184
2158,Brittle Picatrix,Clem Fan'dango,6044,1,2023-10-07T22:59:43.000Z,https://universalis.app/market/2158
2185,Book of Electrum,Mora Nevermore,20000,1,2023-10-10T23:09:47.000Z,https://universalis.app/market/2185
5337,Woolen Yarn,Shiki Serene,10000,4,2023-10-28T03:37:31.000Z,https://universalis.app/market/5337
5393,Rosewood Log,Ra Zetzy,500,10,2023-10-14T22:26:23.000Z,https://universalis.app/market/5393
5479,Enchanted Electrum Ink,Kavarion Sien,500,1,2023-10-08T17:16:38.000Z,https://universalis.app/market/5479
2189,Embossed Book of Electrum,Luckie Puppy,8500,1,2023-10-07T08:39:23.000Z,https://universalis.app/market/2189
2193,Cantamina Thavnaria,Saltie Synique,6165,1,2023-10-15T00:05:29.000Z,https://universalis.app/market/2193
5481,Enchanted Rose Gold Ink,Zaya Zee,18991,1,2023-10-06T15:32:58.000Z,https://universalis.app/market/5481
7586,Weathered Tome,Venec Sauveterre,87,1,2023-10-05T00:30:14.000Z,https://universalis.app/market/7586
2194,Medica Thavnaria,Where'smy Tia,3850,1,2023-10-12T11:19:43.000Z,https://universalis.app/market/2194
7587,Faded Tome,Venec Sauveterre,415,1,2023-10-05T00:30:24.000Z,https://universalis.app/market/7587
2201,Erudite's Picatrix of Healing,Chris Sharkbait,28999,1,2023-10-05T03:09:20.000Z,https://universalis.app/market/2201
5480,Enchanted Gold Ink,Zau Vindah,2350,1,2023-10-14T01:39:39.000Z,https://universalis.app/market/5480
5569,Bloody Grimoire Binding,Tio Tot,2998,1,2023-10-21T17:54:09.000Z,https://universalis.app/market/5569
2202,Erudite's Picatrix of Casting,Kilos Cat,59800,1,2023-10-20T01:25:53.000Z,https://universalis.app/market/2202
2211,Deus Ex Verbis,Where'smy Tia,3150,1,2023-10-12T11:17:57.000Z,https://universalis.app/market/2211
5338,Silk Thread,Yuki Rena,2500,1,2023-10-06T20:13:54.000Z,https://universalis.app/market/5338
2212,Deus Ex Gratia,Saltie Synique,2100,1,2023-10-15T00:01:47.000Z,https://universalis.app/market/2212
2219,Square Maple Shield,Raynee Day,850,1,2023-10-21T06:09:05.000Z,https://universalis.app/market/2219
5091,Bronze Rivets,Mika Lawrence,555,1,2023-10-08T14:25:05.000Z,https://universalis.app/market/5091
12524,Titanium Nugget,Paz Khatayin,9002,1,2023-10-15T11:16:53.000Z,https://universalis.app/market/12524
12529,Titanium Rivets,Hexhera Rayne,30007,4,2023-10-11T00:41:02.000Z,https://universalis.app/market/12529
12658,Dusk Leather,Jodhi Greywyr,390000,1,2023-10-29T03:03:12.000Z,https://universalis.app/market/12658
2226,Bronze Hoplon,Samuel Poe,20000,1,2023-10-26T10:32:50.000Z,https://universalis.app/market/2226
5071,Bronze Plate,Sumi Venphe,900,1,2023-10-11T02:13:54.000Z,https://universalis.app/market/5071
2228,Round Shield,Vivace Cantabile,10000000,1,2023-10-12T01:50:26.000Z,https://universalis.app/market/2228
2229,Leather Targe,Mr Mattattack,5000,1,2023-10-06T22:57:29.000Z,https://universalis.app/market/2229
2230,Bronze Scutum,Nell Higgins,500,1,2023-10-06T18:47:35.000Z,https://universalis.app/market/2230
2231,Bronze Buckler,Boy Moder,3000,1,2023-10-06T20:11:41.000Z,https://universalis.app/market/2231
2233,Square Ash Shield,Nightmare Gaverna,50,1,2023-10-12T06:45:48.000Z,https://universalis.app/market/2233
2236,Iron Hoplon,Sasha Shadowpaw,40000,1,2023-10-08T21:05:49.000Z,https://universalis.app/market/2236
2238,Vintage Square Shield,Arwynn Ty'vesta,35000,1,2023-10-13T05:07:05.000Z,https://universalis.app/market/2238
4859,Cider Vinegar,Thistle Odeng,90,2,2023-10-19T00:59:14.000Z,https://universalis.app/market/4859
2239,Ironclad Bronze Buckler,Shono Kagon,125000,1,2023-10-20T03:03:21.000Z,https://universalis.app/market/2239
2241,Iron Lantern Shield,Riu Himuro,9000,1,2023-10-10T16:25:53.000Z,https://universalis.app/market/2241
5998,Tallow Candle,Naomi Brightstone,5000,3,2023-10-12T01:39:15.000Z,https://universalis.app/market/5998
2242,Iron Scutum,Morinaga Bairon,5000,1,2023-10-24T00:12:02.000Z,https://universalis.app/market/2242
2244,Vintage Hoplon,Sobra Ironmane,35000,1,2023-10-03T15:04:12.000Z,https://universalis.app/market/2244
2225,Tarnished Hoplon,Gurann Natsu,14995,1,2023-10-07T10:21:38.000Z,https://universalis.app/market/2225
2246,Viper-crested Round Shield,Themis Appleslices,12000,1,2023-10-11T22:16:52.000Z,https://universalis.app/market/2246
2248,Iron Kite Shield,Catboy Summer,10000,1,2023-10-13T15:35:00.000Z,https://universalis.app/market/2248
2250,Goatskin Targe,Erika Underhill,5000,1,2023-10-30T02:02:37.000Z,https://universalis.app/market/2250
5093,Steel Rivets,Auhs Les,9000,3,2023-10-27T15:48:53.000Z,https://universalis.app/market/5093
2257,Bull Hoplon,Azmok Kenesios,14000,1,2023-10-11T00:46:47.000Z,https://universalis.app/market/2257
2260,Decorated Buckler,Azmok Kenesios,20000,1,2023-10-11T00:47:02.000Z,https://universalis.app/market/2260
2262,Decorated Iron Scutum,Sobra Ironmane,24000,1,2023-10-03T15:19:40.000Z,https://universalis.app/market/2262
2227,Notched Buckler,Nyohri Viyashe,7000,1,2023-10-19T16:09:34.000Z,https://universalis.app/market/2227
2268,Bladed Lantern Shield,Artifice Theia,9677,1,2023-10-23T19:13:32.000Z,https://universalis.app/market/2268
2270,Raptorskin Targe,Lorilae Bysnoe,39999,1,2023-10-08T21:50:22.000Z,https://universalis.app/market/2270
5099,Mythril Rivets,Experiment One,4000,3,2023-10-19T01:41:15.000Z,https://universalis.app/market/5099
2232,Rusting Scutum,Capulus Tempus,2020,1,2023-10-11T03:20:47.000Z,https://universalis.app/market/2232
2279,Cobalt Scutum,Sasami Shio,15000,1,2023-10-26T07:27:21.000Z,https://universalis.app/market/2279
5094,Cobalt Rivets,Oniki Kardama,5000,2,2023-10-14T23:14:35.000Z,https://universalis.app/market/5094
2287,Eagle-crested Round Shield,Minight Yamato,20000,1,2023-10-03T17:51:14.000Z,https://universalis.app/market/2287
2289,Vintage Round Shield,Ninako Fallheart,4999,1,2023-10-05T00:05:34.000Z,https://universalis.app/market/2289
5228,Ragstone,Ibram Fairclough,999,1,2023-10-07T23:48:36.000Z,https://universalis.app/market/5228
5517,Lanolin,Yuki Tomeru,950,1,2023-10-23T14:37:59.000Z,https://universalis.app/market/5517
2294,Kite Shield,Eley Lalafeley,9999,1,2023-10-19T00:34:41.000Z,https://universalis.app/market/2294
2296,Cobalt Bladed Lantern Shield,V' V',22000,1,2023-10-22T21:00:53.000Z,https://universalis.app/market/2296
2298,Oxblood Targe,Blast'a Masta,35000,1,2023-10-24T16:43:49.000Z,https://universalis.app/market/2298
2302,Darksteel Scutum,Minxie Kha,7000,1,2023-10-29T06:33:50.000Z,https://universalis.app/market/2302
5060,Darksteel Ingot,Zara Lillith,11111,2,2023-10-26T00:59:50.000Z,https://universalis.app/market/5060
5095,Darksteel Rivets,James Estelle,5000,60,2023-10-15T22:26:10.000Z,https://universalis.app/market/5095
2303,Darksteel Buckler,Reacyn Pogue,2050,1,2023-10-14T03:06:01.000Z,https://universalis.app/market/2303
2304,Spruce Round Shield,Reiko Staru,1500,1,2023-10-11T18:39:09.000Z,https://universalis.app/market/2304
5379,Treated Spruce Lumber,Azra Sunna,17779,5,2023-10-27T19:48:00.000Z,https://universalis.app/market/5379
2315,Bronze Saw,Vylette Valentine,5000,1,2023-10-04T05:37:37.000Z,https://universalis.app/market/2315
2316,Amateur's Saw,Me-and Meatball,5000,1,2023-10-05T22:07:45.000Z,https://universalis.app/market/2316
2318,Initiate's Saw,Raikkuma Rikkityfrikk,7500,1,2023-10-09T01:36:09.000Z,https://universalis.app/market/2318
2319,Bas-relief Iron Saw,Tzuki Naomi,60026,1,2023-10-09T02:22:07.000Z,https://universalis.app/market/2319
2320,Iron Chocobotail Saw,Servo're Vrander,3500,1,2023-10-21T02:41:23.000Z,https://universalis.app/market/2320
2322,Crosscut Saw,D'usian M'dina,3900,1,2023-10-23T16:02:23.000Z,https://universalis.app/market/2322
2323,Mythril Saw,Orwen Maddock,4000,1,2023-10-16T03:10:38.000Z,https://universalis.app/market/2323
2324,Mythril Chocobotail Saw,Marceline Yuri,5092,1,2023-10-16T06:26:51.000Z,https://universalis.app/market/2324
2325,Bas-relief Cobalt Saw,Rejykt Mirage,65000,1,2023-10-10T21:46:16.000Z,https://universalis.app/market/2325
2328,Amateur's Claw Hammer,White Coral,1900,1,2023-10-10T03:35:16.000Z,https://universalis.app/market/2328
2329,Bronze Claw Hammer,Sizu Raha,2000,1,2023-10-09T23:59:39.000Z,https://universalis.app/market/2329
2331,Iron Claw Hammer,Sonicanees Soji,15000,1,2023-10-13T15:31:42.000Z,https://universalis.app/market/2331
5483,Jellyfish Humours,Cobalt Skye,482,9,2023-10-26T00:54:20.000Z,https://universalis.app/market/5483
2332,Initiate's Claw Hammer,Miki Chinen,1000,1,2023-10-15T07:04:11.000Z,https://universalis.app/market/2332
2334,Steel Claw Hammer,Juicy Iryut,15000,1,2023-10-05T12:50:42.000Z,https://universalis.app/market/2334
5485,Linseed Oil,Inarie Alouette,3500,1,2023-10-13T18:54:39.000Z,https://universalis.app/market/5485
2337,Mythril Claw Hammer,Marceline Yuri,83,1,2023-10-16T06:27:30.000Z,https://universalis.app/market/2337
2338,Cobalt Claw Hammer,Stratus Wormwood,24995,1,2023-10-09T21:21:21.000Z,https://universalis.app/market/2338
2339,Militia Claw Hammer,Alice Vibing,50000,1,2023-10-16T10:15:04.000Z,https://universalis.app/market/2339
2341,Bronze Cross-pein Hammer,Miki Chinen,8000,1,2023-10-06T03:04:45.000Z,https://universalis.app/market/2341
2342,Amateur's Cross-pein Hammer,Mephisto Baelfire,3000,1,2023-10-27T01:26:54.000Z,https://universalis.app/market/2342
2343,Birdsbeak Hammer,Matsu Merry,100,1,2023-10-10T02:05:05.000Z,https://universalis.app/market/2343
5325,Undyed Cotton Cloth,Sonicanees Soji,10000,1,2023-10-13T15:25:14.000Z,https://universalis.app/market/5325
2344,Iron Cross-pein Hammer,Caine Redgreave,20000,1,2023-10-16T06:32:33.000Z,https://universalis.app/market/2344
2345,Initiate's Cross-pein Hammer,Kiiffi Kriggs,5000,1,2023-10-06T20:20:41.000Z,https://universalis.app/market/2345
2346,Crowsbeak Hammer,Idont Likefurries,10000,1,2023-10-10T07:41:24.000Z,https://universalis.app/market/2346
2347,Heavy Crowsbeak Hammer,Jake'from Statefarm,30,1,2023-10-05T02:33:13.000Z,https://universalis.app/market/2347
5326,Undyed Velveteen,Pagaga Vochstein,4998,33,2023-10-11T02:28:18.000Z,https://universalis.app/market/5326
2349,Steel Crowsbeak Hammer,Etrius Deathdealer,27899,1,2023-10-08T03:20:42.000Z,https://universalis.app/market/2349
2350,Wrapped Crowsbeak Hammer,Raikkuma Rikkityfrikk,40000,1,2023-10-12T05:41:14.000Z,https://universalis.app/market/2350
2351,Cobalt Cross-pein Hammer,Jake'from Statefarm,979,1,2023-10-05T03:16:57.000Z,https://universalis.app/market/2351
2352,Wrapped Hawksbeak Hammer,Nimue Umiko,65000,1,2023-10-16T22:04:41.000Z,https://universalis.app/market/2352
2355,Amateur's File,Questra Djt-nong,500,1,2023-10-11T03:54:10.000Z,https://universalis.app/market/2355
2356,Bronze File,Nebben Eezerscrooge,1000,1,2023-10-14T06:46:14.000Z,https://universalis.app/market/2356
2358,Iron File,Ouka Ootori,7500,1,2023-10-20T15:52:31.000Z,https://universalis.app/market/2358
2359,Initiate's File,Kevv Two,1000000,1,2023-10-11T16:07:25.000Z,https://universalis.app/market/2359
2363,Mythril File,Akuma Mir,83,1,2023-10-16T22:19:24.000Z,https://universalis.app/market/2363
2364,Cobalt File,Ari Kamikura,50000,1,2023-10-10T23:42:37.000Z,https://universalis.app/market/2364
2365,Militia File,Kaida Lockhart,38999,1,2023-10-25T05:24:59.000Z,https://universalis.app/market/2365
2367,Bronze Doming Hammer,Fjor Brynja,1026,1,2023-10-19T13:07:05.000Z,https://universalis.app/market/2367
2368,Amateur's Doming Hammer,Jessa Lee,125,1,2023-10-06T01:15:13.000Z,https://universalis.app/market/2368
2369,Bronze Raising Hammer,Lobster Salad,480,1,2023-10-25T19:01:11.000Z,https://universalis.app/market/2369
2370,Iron Doming Hammer,Nyx Umbra,500,1,2023-10-15T13:50:32.000Z,https://universalis.app/market/2370
2371,Initiate's Doming Hammer,Naji Kuumi,4421,1,2023-10-27T04:28:42.000Z,https://universalis.app/market/2371
2372,Iron Raising Hammer,Zaen Midlandian,6000,1,2023-10-05T00:36:18.000Z,https://universalis.app/market/2372
2373,Wrapped Iron Raising Hammer,Zaen Midlandian,446,1,2023-10-05T02:42:46.000Z,https://universalis.app/market/2373
2374,Steel Doming Hammer,Boy Moder,15000,1,2023-10-06T22:59:32.000Z,https://universalis.app/market/2374
2376,Cobalt Doming Hammer,Boy Moder,2000,1,2023-10-06T23:43:31.000Z,https://universalis.app/market/2376
2377,Cobalt Raising Hammer,Ume Chorrynth,125000,1,2023-10-26T23:40:41.000Z,https://universalis.app/market/2377
2380,Amateur's Pliers,Sole Vesper,250,1,2023-10-12T16:41:24.000Z,https://universalis.app/market/2380
2383,Iron Pliers,Riu Himuro,14000,1,2023-10-10T20:55:39.000Z,https://universalis.app/market/2383
2384,Initiate's Pliers,Estelle Ceres,3800,1,2023-10-20T21:11:16.000Z,https://universalis.app/market/2384
2389,Cobalt Pliers,Cocoa Puffins,25999,1,2023-10-26T02:21:02.000Z,https://universalis.app/market/2389
2390,Militia Pliers,Lordkitten Softpaw,49995,1,2023-10-09T02:42:00.000Z,https://universalis.app/market/2390
2392,Bronze Chaser Hammer,Yulia Solay,1500,1,2023-10-22T20:37:38.000Z,https://universalis.app/market/2392
2393,Amateur's Chaser Hammer,Rngesus Giveth,189,1,2023-10-11T19:51:51.000Z,https://universalis.app/market/2393
2394,Bronze Ornamental Hammer,Kagome Leonheart,500,1,2023-10-07T21:48:54.000Z,https://universalis.app/market/2394
2395,Iron Chaser Hammer,Willow Lunasulor,1000,1,2023-10-08T03:44:26.000Z,https://universalis.app/market/2395
2396,Initiate's Chaser Hammer,Farren Jarrett,10000,1,2023-10-06T22:32:21.000Z,https://universalis.app/market/2396
2398,Steel Chaser Hammer,Ishtar Anastasia,1000,1,2023-10-11T03:55:34.000Z,https://universalis.app/market/2398
2399,Steel Ornamental Hammer,Ai Zgod,456,1,2023-10-28T20:41:56.000Z,https://universalis.app/market/2399
2400,Mythril Ornamental Hammer,Nimue Umiko,70000,1,2023-10-16T22:05:38.000Z,https://universalis.app/market/2400
2401,Mythril Lapidary Hammer,Emily Greymane,5000,1,2023-10-23T23:29:05.000Z,https://universalis.app/market/2401
2402,Electrum Lapidary Hammer,Meyrin Hawk,125000,1,2023-10-26T03:18:29.000Z,https://universalis.app/market/2402
5183,Tourmaline,Drunk Fox,1010,2,2023-10-18T00:29:30.000Z,https://universalis.app/market/5183
2405,Amateur's Grinding Wheel,Ai Zgod,100,1,2023-10-28T20:43:02.000Z,https://universalis.app/market/2405
2406,Ragstone Grinding Wheel,Scootaloo Dash,3000,1,2023-10-27T00:39:49.000Z,https://universalis.app/market/2406
2408,Mudstone Grinding Wheel,Sue Sussudio,5140,1,2023-10-03T23:19:41.000Z,https://universalis.app/market/2408
5229,Mudstone,Mistickle Lala,500,10,2023-10-12T20:53:40.000Z,https://universalis.app/market/5229
2409,Initiate's Grinding Wheel,Nuticus Maximus,10600,1,2023-10-04T18:00:43.000Z,https://universalis.app/market/2409
2411,Siltstone Grinding Wheel,Willow Lunasulor,21700,1,2023-10-11T01:04:03.000Z,https://universalis.app/market/2411
5231,Siltstone,Ibe Profen,500,3,2023-10-04T19:17:17.000Z,https://universalis.app/market/5231
2413,Garnet Grinding Wheel,Imali Gregory,38000,1,2023-10-10T12:47:50.000Z,https://universalis.app/market/2413
5134,Raw Garnet,Arodar Othelian,250,25,2023-10-15T00:45:21.000Z,https://universalis.app/market/5134
2414,Basilisk Grinding Wheel,Chaotic Potato,25000,1,2023-10-16T02:03:05.000Z,https://universalis.app/market/2414
5263,Basilisk Egg,Yui Kurokawa,1500,2,2023-10-27T19:00:17.000Z,https://universalis.app/market/5263
2415,Militia Grinding Wheel,Embar Ulban,19130,1,2023-10-12T15:42:47.000Z,https://universalis.app/market/2415
5158,Astral Rock,Aria Littlefoot,92,2,2023-10-24T03:32:45.000Z,https://universalis.app/market/5158
2417,Bronze Head Knife,Alolan Jojo,3009,1,2023-10-14T02:42:09.000Z,https://universalis.app/market/2417
2418,Amateur's Head Knife,Inanna Tenshi,4009,1,2023-10-10T19:50:40.000Z,https://universalis.app/market/2418
2419,Brass Head Knife,Kalliope Mezzo,10000,1,2023-10-08T21:56:32.000Z,https://universalis.app/market/2419
2420,Initiate's Head Knife,Ume Chorrynth,15000,1,2023-10-12T22:31:22.000Z,https://universalis.app/market/2420
2421,Iron Round Knife,Eldie Chaunollet,5000,1,2023-10-04T15:41:53.000Z,https://universalis.app/market/2421
2422,Iron Head Knife,Tzuki Naomi,15000,1,2023-10-11T07:35:02.000Z,https://universalis.app/market/2422
2423,Silver Head Knife,Elora Balro,4450,1,2023-10-08T00:24:15.000Z,https://universalis.app/market/2423
2424,Steel Round Knife,Roze Beyond,2000,1,2023-10-04T06:20:12.000Z,https://universalis.app/market/2424
2425,Mythril Head Knife,Nimue Umiko,65000,1,2023-10-16T22:55:29.000Z,https://universalis.app/market/2425
2426,Mythril Round Knife,Neko Femc,3083,1,2023-10-27T22:49:55.000Z,https://universalis.app/market/2426
2427,Electrum Head Knife,Vuln Collector,65000,1,2023-10-06T01:13:59.000Z,https://universalis.app/market/2427
2430,Amateur's Awl,Ai Zgod,350,1,2023-10-28T20:49:29.000Z,https://universalis.app/market/2430
2431,Bronze Awl,Kirbly Durbly,4000,1,2023-10-07T05:02:23.000Z,https://universalis.app/market/2431
2433,Iron Awl,Inaya Kharlu,10540,1,2023-10-09T13:29:13.000Z,https://universalis.app/market/2433
2434,Initiate's Awl,Retroactive Augury,10000,1,2023-10-03T22:31:28.000Z,https://universalis.app/market/2434
2437,Wrapped Steel Awl,Darc Stormbringer,55000,1,2023-10-20T07:48:55.000Z,https://universalis.app/market/2437
2440,Cobalt Awl,Greenpea Soup,30000,1,2023-10-22T17:52:42.000Z,https://universalis.app/market/2440
2441,Militia Awl,Maeve Dawn,75000,1,2023-10-27T14:31:51.000Z,https://universalis.app/market/2441
2443,Copper Needle,Fjor Brynja,3000,1,2023-10-23T04:08:36.000Z,https://universalis.app/market/2443
2444,Bat Fang Needle,Seikasu Izuya,200,1,2023-10-13T02:17:35.000Z,https://universalis.app/market/2444
2445,Amateur's Needle,Ouka Ootori,109,1,2023-10-16T00:01:19.000Z,https://universalis.app/market/2445
2446,Brass Needle,Embla Mucuc,10000,1,2023-10-09T22:24:09.000Z,https://universalis.app/market/2446
2447,Initiate's Needle,Rothe Gateau,10000,1,2023-10-06T04:05:24.000Z,https://universalis.app/market/2447
2448,Silver Needle,Akari Sara,250,1,2023-10-06T01:30:47.000Z,https://universalis.app/market/2448
2449,Worm Fang Needle,Sam Dickey,39995,1,2023-10-16T19:20:46.000Z,https://universalis.app/market/2449
5447,Sandworm Fang,Jeanna Starfoot,150,10,2023-10-05T05:29:11.000Z,https://universalis.app/market/5447
2450,Mythril Needle,Vero Peeter,2999,1,2023-10-05T07:45:15.000Z,https://universalis.app/market/2450
2451,Wolf Fang Needle,Nuticus Maximus,20000,1,2023-10-04T14:53:43.000Z,https://universalis.app/market/2451
2452,Thousand Needle,Akari Sara,20000,1,2023-10-06T02:10:18.000Z,https://universalis.app/market/2452
5468,Cactuar Needle,Helo Robinson,350000,1,2023-10-11T18:08:31.000Z,https://universalis.app/market/5468
2453,Electrum Needle,Lynara Ashengale,5000,1,2023-10-15T21:40:52.000Z,https://universalis.app/market/2453
2456,Amateur's Spinning Wheel,Fjor Brynja,1000,1,2023-10-19T13:06:54.000Z,https://universalis.app/market/2456
2457,Ash Spinning Wheel,Abigail Frazier,1009,1,2023-10-29T14:43:28.000Z,https://universalis.app/market/2457
2459,Initiate's Spinning Wheel,Biggest Lalafell,8000,1,2023-10-22T15:59:01.000Z,https://universalis.app/market/2459
2460,Elm Spinning Wheel,Rothe Gateau,10000,1,2023-10-06T04:05:53.000Z,https://universalis.app/market/2460
2462,Walnut Spinning Wheel,Sam Dickey,21600,1,2023-10-16T19:20:52.000Z,https://universalis.app/market/2462
2464,Mahogany Spinning Wheel,Rhan Arda,27000,1,2023-10-13T19:36:30.000Z,https://universalis.app/market/2464
2465,Rosewood Spinning Wheel,Leatrix Blackbird,35000,1,2023-10-04T21:00:11.000Z,https://universalis.app/market/2465
2466,Militia Spinning Wheel,Azhara Velsadir,23798,1,2023-10-03T13:53:00.000Z,https://universalis.app/market/2466
2468,Bronze Alembic,New Lierfan,125000,1,2023-10-14T21:50:08.000Z,https://universalis.app/market/2468
2469,Amateur's Alembic,Potato Plato,10000,1,2023-10-27T04:19:27.000Z,https://universalis.app/market/2469
2470,Brass Alembic,Enigma Obscura,40000,1,2023-10-21T21:06:57.000Z,https://universalis.app/market/2470
2471,Initiate's Alembic,Yu Zu,1999,1,2023-10-12T01:30:13.000Z,https://universalis.app/market/2471
2472,Iron Alembic,Akuma Mir,11126,1,2023-10-20T17:45:16.000Z,https://universalis.app/market/2472
2473,Conical Alembic,Ume Chorrynth,1000,1,2023-10-26T23:41:01.000Z,https://universalis.app/market/2473
2474,Steel Alembic,Akuma Mir,11153,1,2023-10-20T22:31:19.000Z,https://universalis.app/market/2474
2475,Silver Alembic,Night Rains,10000,1,2023-10-25T06:36:56.000Z,https://universalis.app/market/2475
2476,Mythril Alembic,Lokaka Loka,16969,1,2023-10-15T05:58:29.000Z,https://universalis.app/market/2476
2477,Electrum Alembic,Azaelea Selidron,39000,1,2023-10-06T15:29:27.000Z,https://universalis.app/market/2477
2478,Thermal Alembic,Oberon Yllavaris,34950,1,2023-10-06T12:58:06.000Z,https://universalis.app/market/2478
2481,Amateur's Mortar,Nebben Eezerscrooge,995,1,2023-10-06T23:16:27.000Z,https://universalis.app/market/2481
2482,Bronze Mortar,Sizu Raha,190,1,2023-10-12T01:37:09.000Z,https://universalis.app/market/2482
2484,Iron Mortar,Amati Amour,10600,1,2023-10-10T16:00:11.000Z,https://universalis.app/market/2484
2485,Initiate's Mortar,Enigma Obscura,1500,1,2023-10-21T23:02:36.000Z,https://universalis.app/market/2485
2491,Cobalt Mortar,Lycoris Libidine,20000,1,2023-10-16T01:31:40.000Z,https://universalis.app/market/2491
2492,Militia Mortar,Oquar Stillwater,40000,1,2023-10-05T09:10:34.000Z,https://universalis.app/market/2492
2494,Bronze Skillet,Potato Plato,10000,1,2023-10-14T02:04:28.000Z,https://universalis.app/market/2494
2495,Amateur's Skillet,Moighty Fine,5000,1,2023-10-22T02:59:36.000Z,https://universalis.app/market/2495
2496,Iron Skillet,Retroactive Augury,3000,1,2023-10-04T08:17:42.000Z,https://universalis.app/market/2496
2497,Initiate's Skillet,Beefy Stan,11118,1,2023-10-22T14:24:02.000Z,https://universalis.app/market/2497
2498,Iron Frypan,Kaplan Cadmus,21126,1,2023-10-22T00:05:55.000Z,https://universalis.app/market/2498
2499,Bomb Frypan,Zanthe Zachar,2399,1,2023-10-15T11:53:51.000Z,https://universalis.app/market/2499
5528,Bomb Ash,Ice Latte,225,10,2023-10-05T03:10:44.000Z,https://universalis.app/market/5528
2500,Steel Skillet,Apollymi Katistrafi,22000,1,2023-10-25T00:52:04.000Z,https://universalis.app/market/2500
2501,White Skillet,V' V',6000,1,2023-10-09T20:20:45.000Z,https://universalis.app/market/2501
2502,Steel Frypan,Spiceweasel Blackwell,39999,1,2023-10-05T01:48:04.000Z,https://universalis.app/market/2502
2503,Cobalt Skillet,Alderac Moshroca,20000,1,2023-10-03T23:37:21.000Z,https://universalis.app/market/2503
2504,Hells' Kitchen,Luca Santiago,25000,1,2023-10-13T04:38:39.000Z,https://universalis.app/market/2504
2507,Amateur's Culinary Knife,Inaya Kharlu,6000,1,2023-10-09T12:51:30.000Z,https://universalis.app/market/2507
2508,Bronze Culinary Knife,Retroactive Augury,5000,1,2023-10-04T08:17:37.000Z,https://universalis.app/market/2508
2510,Iron Culinary Knife,Ganondorf Dragmire-,20000,1,2023-10-12T00:25:49.000Z,https://universalis.app/market/2510
2511,Initiate's Culinary Knife,Kinael Kay',15000,1,2023-10-12T02:04:44.000Z,https://universalis.app/market/2511
2513,Steel Culinary Knife,Shinobi Dm,22000,1,2023-10-09T13:10:41.000Z,https://universalis.app/market/2513
2514,Wrapped Steel Culinary Knife,Solaara Windynn,20000,1,2023-10-14T10:13:59.000Z,https://universalis.app/market/2514
2516,Mythril Culinary Knife,Mr Mattattack,75000,1,2023-10-16T07:12:20.000Z,https://universalis.app/market/2516
2517,Cobalt Culinary Knife,Solaara Windynn,12995,1,2023-10-15T01:57:51.000Z,https://universalis.app/market/2517
2518,Militia Culinary Knife,Vanilla Swirl,50000,1,2023-10-08T03:39:10.000Z,https://universalis.app/market/2518
2520,Bronze Pickaxe,Sigurd Snow-hair,5000,1,2023-10-17T23:09:06.000Z,https://universalis.app/market/2520
2521,Amateur's Pickaxe,Muffin Oftin,3999,1,2023-10-12T02:54:29.000Z,https://universalis.app/market/2521
2522,Plumed Bronze Pickaxe,Dex Incognito,3010,1,2023-10-23T19:48:32.000Z,https://universalis.app/market/2522
2523,Iron Pickaxe,Neko Sam,15000,1,2023-10-07T06:51:08.000Z,https://universalis.app/market/2523
2524,Initiate's Pickaxe,Strange Mouse,20000,1,2023-10-10T19:04:18.000Z,https://universalis.app/market/2524
2525,Iron Dolabra,Rui Lin,10000,1,2023-10-15T15:21:30.000Z,https://universalis.app/market/2525
2526,Steel Pickaxe,Kitsuna Starlight,10000,1,2023-10-17T22:25:27.000Z,https://universalis.app/market/2526
2527,Steel Dolabra,Whiskerwall Mogborne,20000,1,2023-10-08T16:12:13.000Z,https://universalis.app/market/2527
2528,Plumed Mythril Pickaxe,Mimi Kyuii,35000,1,2023-10-05T21:37:14.000Z,https://universalis.app/market/2528
5327,Undyed Linen,Zoey Knight,5000,2,2023-10-11T03:52:03.000Z,https://universalis.app/market/5327
2529,Cobalt Dolabra,Freya Kitty,63000,1,2023-10-27T17:11:50.000Z,https://universalis.app/market/2529
2530,Egret Dolabra,Nimue Umiko,64740,1,2023-10-19T17:02:15.000Z,https://universalis.app/market/2530
2534,Bronze Sledgehammer,Questra Djt-nong,8000,1,2023-10-16T21:03:28.000Z,https://universalis.app/market/2534
2536,Initiate's Sledgehammer,Bocchizilla Kadar,19979,1,2023-10-15T04:55:19.000Z,https://universalis.app/market/2536
2537,Iron Sledgehammer,Strange Mouse,20000,1,2023-10-10T19:03:28.000Z,https://universalis.app/market/2537
2540,Wrapped Steel Sledgehammer,Yennefer Lafeye,16000,1,2023-10-18T21:58:53.000Z,https://universalis.app/market/2540
2542,Mythril Sledgehammer,Crisp Lettuce,40000,1,2023-10-04T10:02:50.000Z,https://universalis.app/market/2542
2543,Cobalt Sledgehammer,Yennefer Lafeye,35000,1,2023-10-27T22:56:16.000Z,https://universalis.app/market/2543
2544,Militia Sledgehammer,Mister Vivi,23000,1,2023-10-14T22:21:10.000Z,https://universalis.app/market/2544
2546,Bronze Hatchet,Duo Maxwell,15000,1,2023-10-21T08:55:34.000Z,https://universalis.app/market/2546
2547,Amateur's Hatchet,Sneed Feednseed,12999,1,2023-10-06T19:25:50.000Z,https://universalis.app/market/2547
2548,Iron Hatchet,Anzu Sensei,3800,1,2023-10-17T02:20:24.000Z,https://universalis.app/market/2548
2549,Initiate's Hatchet,Gwen Wilfwyn,11000,1,2023-10-22T19:46:29.000Z,https://universalis.app/market/2549
2550,Brass Hatchet,Ava Ashley,15000,1,2023-10-16T03:37:27.000Z,https://universalis.app/market/2550
2551,Plumed Iron Hatchet,Baito Muncha,30000,1,2023-10-04T19:44:13.000Z,https://universalis.app/market/2551
5359,Chocobo Feather,Auriell Daris,5000,4,2023-10-14T20:09:16.000Z,https://universalis.app/market/5359
2552,Steel Hatchet,Lavender Rose,40053,1,2023-10-09T00:24:21.000Z,https://universalis.app/market/2552
2553,Plumed Steel Hatchet,Raynee Day,4999,1,2023-10-20T18:52:54.000Z,https://universalis.app/market/2553
2554,Mythril Hatchet,Joe Mods,22500,1,2023-10-09T18:28:53.000Z,https://universalis.app/market/2554
2555,Cobalt Hatchet,Ash Brogen,50086,1,2023-10-06T00:35:29.000Z,https://universalis.app/market/2555
2556,Horned Hatchet,Jijima Jima,125000,1,2023-10-21T19:03:49.000Z,https://universalis.app/market/2556
2560,Bronze Scythe,Yulia Solay,8000,1,2023-10-19T19:27:20.000Z,https://universalis.app/market/2560
2562,Iron Scythe,Yulia Solay,11000,1,2023-10-22T21:32:34.000Z,https://universalis.app/market/2562
2563,Initiate's Scythe,Baito Muncha,12000,1,2023-10-04T19:44:34.000Z,https://universalis.app/market/2563
2565,Steel Scythe,Ryukuzo Wintersoul,8000,1,2023-10-11T15:48:52.000Z,https://universalis.app/market/2565
2566,Wrapped Steel Scythe,Nagha Ganajai,59,1,2023-10-15T20:30:20.000Z,https://universalis.app/market/2566
2568,Mythril Scythe,Ai Zgod,5000,1,2023-10-13T18:44:11.000Z,https://universalis.app/market/2568
2569,Cobalt Scythe,Amber Satinlace,60000,1,2023-10-12T23:33:48.000Z,https://universalis.app/market/2569
2570,Militia Scythe,Climhazzard Fury,50000,1,2023-10-16T11:03:50.000Z,https://universalis.app/market/2570
2572,Maple Fishing Rod,Anghara Indigo,7000,1,2023-10-21T21:35:36.000Z,https://universalis.app/market/2572
2573,Amateur's Fishing Rod,Sindri Vanja,4900,1,2023-10-25T05:03:50.000Z,https://universalis.app/market/2573
2574,Elm Fishing Rod,Questra Djt-nong,10000,1,2023-10-21T03:47:59.000Z,https://universalis.app/market/2574
2575,Initiate's Fishing Rod,Mephisto Baelfire,10000,1,2023-10-29T02:04:52.000Z,https://universalis.app/market/2575
2576,Yew Fishing Rod,Beth Sidoney,5000,1,2023-10-16T03:52:46.000Z,https://universalis.app/market/2576
2577,Staghorn Fishing Rod,Hephaestus Forge-god,5000,1,2023-10-21T15:36:00.000Z,https://universalis.app/market/2577
2578,Walnut Fishing Rod,Akari Sara,30068,1,2023-10-12T00:00:34.000Z,https://universalis.app/market/2578
2579,Horn Fishing Rod,V' V',7500,1,2023-10-08T20:11:19.000Z,https://universalis.app/market/2579
2580,Mahogany Fishing Rod,Matsu Merry,30000,1,2023-10-15T07:27:17.000Z,https://universalis.app/market/2580
2581,Rosewood Fishing Rod,Arya Templarii,20000,1,2023-10-13T09:08:13.000Z,https://universalis.app/market/2581
2582,Gilded Rosewood Fishing Rod,Matsu Merry,70000,1,2023-10-19T04:06:23.000Z,https://universalis.app/market/2582
2588,Crayfish Ball,Kitaranas Kravenfeld,50,99,2023-10-07T13:44:49.000Z,https://universalis.app/market/2588
4825,Rye Flour,Roselyn Iris,1000,19,2023-10-25T03:18:38.000Z,https://universalis.app/market/4825
4925,Crayfish,Sokou Unzan,1000,20,2023-10-14T19:10:16.000Z,https://universalis.app/market/4925
2589,Goby Ball,Dino Punch-kick,1000,20,2023-10-23T00:35:48.000Z,https://universalis.app/market/2589
4931,Dusk Goby,Renas Ljanta,133,3,2023-10-27T21:32:49.000Z,https://universalis.app/market/4931
2593,Crab Ball,Yugi Momo,30,99,2023-10-19T08:10:00.000Z,https://universalis.app/market/2593
4880,Helmet Crab,Ibram Fairclough,4500,3,2023-10-08T00:35:32.000Z,https://universalis.app/market/4880
2595,Bass Ball,Serafina Pekkala,31,99,2023-10-25T09:11:58.000Z,https://universalis.app/market/2595
4826,Sunset Wheat Flour,Danae Panthas,250,2,2023-10-06T02:43:18.000Z,https://universalis.app/market/4826
4959,Dark Bass,Th'reftis Hyalenos,3995,3,2023-10-22T02:33:06.000Z,https://universalis.app/market/4959
2598,Herring Ball,Dino Punch-kick,100,85,2023-10-23T00:39:58.000Z,https://universalis.app/market/2598
4895,Indigo Herring,Sasuga Suga,1000,4,2023-10-16T18:53:04.000Z,https://universalis.app/market/4895
2610,Chocobo Fly,Oceania Juna,200,3,2023-10-13T00:47:58.000Z,https://universalis.app/market/2610
2611,Floating Minnow,Kalcifer Morningstar,903,15,2023-10-20T20:23:12.000Z,https://universalis.app/market/2611
2612,Brass Spoon Lure,Oceania Juna,45,3,2023-10-13T00:48:53.000Z,https://universalis.app/market/2612
2614,Crow Fly,Maya Alimont,175,99,2023-10-22T23:04:48.000Z,https://universalis.app/market/2614
2615,Silver Spoon Lure,Miki Chinen,100,3,2023-10-20T01:55:35.000Z,https://universalis.app/market/2615
2616,Steel Jig,Dino Punch-kick,250,1,2023-10-23T00:40:15.000Z,https://universalis.app/market/2616
2617,Sinking Minnow,Shunden Hayabusa,3200,1,2023-10-25T17:24:09.000Z,https://universalis.app/market/2617
2618,Snurble Fly,Kevin Bloodmoon,3000,18,2023-10-22T17:56:07.000Z,https://universalis.app/market/2618
5349,Snurble Tufts,Smurgle Biscuits,1425,20,2023-10-23T09:13:12.000Z,https://universalis.app/market/5349
2619,Heavy Steel Jig,Kieran Tor,3000,5,2023-10-19T22:32:53.000Z,https://universalis.app/market/2619
2620,Spinner,Wew Lad,5000,5,2023-10-24T04:35:52.000Z,https://universalis.app/market/2620
4900,Whitelip Oyster,Surana Kyrain,8500,1,2023-10-10T03:43:48.000Z,https://universalis.app/market/4900
2622,Mythril Spoon Lure,Cirilla Shirogane,211,20,2023-10-09T04:52:24.000Z,https://universalis.app/market/2622
2623,Wildfowl Fly,Veeara Aryxon,400,15,2023-10-24T00:00:33.000Z,https://universalis.app/market/2623
2624,Topwater Frog,Reiko Bacon,3500,5,2023-10-16T15:22:18.000Z,https://universalis.app/market/2624
2625,Rainbow Spoon Lure,Solid Chan,5000,5,2023-10-26T02:05:44.000Z,https://universalis.app/market/2625
5466,Blacklip Oyster,Psycho Starkiller,4750,1,2023-10-28T16:50:57.000Z,https://universalis.app/market/5466
2626,Spinnerbait,Clarion Aster,8269,1,2023-10-28T04:39:16.000Z,https://universalis.app/market/2626
5329,Undyed Felt,Paz Khatayin,6002,1,2023-10-08T00:07:22.000Z,https://universalis.app/market/5329
2627,Streamer,Eliza Hurst,3000,5,2023-10-16T03:14:06.000Z,https://universalis.app/market/2627
2628,Yumizuno,Khaja Mol,5250,5,2023-10-25T23:34:42.000Z,https://universalis.app/market/2628
2629,Hempen Coif,Halo Kitten,10000,1,2023-10-12T09:37:37.000Z,https://universalis.app/market/2629
2630,Hempen Coif of Gathering,Johnny Rocky,1000,1,2023-10-15T22:03:44.000Z,https://universalis.app/market/2630
2631,Leather Calot,Critical Subtlety,34998,1,2023-10-17T07:57:43.000Z,https://universalis.app/market/2631
12590,Ramie Cloth,Aurora Destile,7500,1,2023-10-27T16:57:02.000Z,https://universalis.app/market/12590
12595,Ramie Thread,Raven Lionheart,4000,1,2023-10-22T17:15:03.000Z,https://universalis.app/market/12595
2652,Hempen Bandana,Skippy Basilia,42666666,1,2023-10-29T05:09:47.000Z,https://universalis.app/market/2652
2653,Leather Eyepatch,Totty Mcfly,127500000,1,2023-10-18T21:01:38.000Z,https://universalis.app/market/2653
2654,Hard Leather Pot Helm,Fen Tix,4000,1,2023-10-14T01:15:48.000Z,https://universalis.app/market/2654
2655,Hempen Hat,Cidon Hudon,13002,1,2023-10-20T07:40:41.000Z,https://universalis.app/market/2655
2656,Bronze Chain Coif,Ume Chorrynth,14999,1,2023-10-06T00:44:26.000Z,https://universalis.app/market/2656
5081,Bronze Rings,Alice Vibing,799,99,2023-10-18T23:15:55.000Z,https://universalis.app/market/5081
2658,Straw Hat,Lily Lunari,19000,1,2023-10-07T04:38:11.000Z,https://universalis.app/market/2658
5342,Straw,Ethreal Amastacia,400,2,2023-10-19T16:10:18.000Z,https://universalis.app/market/5342
2660,Amateur's Headgear,Potato Plato,2499,1,2023-10-22T00:48:08.000Z,https://universalis.app/market/2660
2661,Amateur's Hempen Coif,Renfrew Nocaire,8999,1,2023-10-27T03:17:22.000Z,https://universalis.app/market/2661
2662,Bronze Sallet,Ofelia Griffa,801,1,2023-10-05T08:10:39.000Z,https://universalis.app/market/2662
2663,Stablemaid's Hat,Sum Yumi,10000000,1,2023-10-10T19:42:43.000Z,https://universalis.app/market/2663
5540,Carnation,Riven Zatoshi,3001,9,2023-10-28T01:37:53.000Z,https://universalis.app/market/5540
2664,Bronze Barbut,Lucifer Akenomyosei,5000,1,2023-10-19T01:27:01.000Z,https://universalis.app/market/2664
2665,Cotton Turban,Beer Pup,4499,1,2023-10-25T02:15:37.000Z,https://universalis.app/market/2665
2666,Stablehand's Hat,New Lierfan,11106,1,2023-10-14T21:51:01.000Z,https://universalis.app/market/2666
2668,Brass Spectacles,Istari Xiomar,14997,1,2023-10-15T19:22:21.000Z,https://universalis.app/market/2668
5512,Clear Glass Lens,Closed Box,999,1,2023-10-16T06:51:35.000Z,https://universalis.app/market/5512
2669,Hard Leather Eyepatch,Reina Cantlin,1010,1,2023-10-23T21:30:26.000Z,https://universalis.app/market/2669
2670,Cotton Scarf,Esme Maeve,30000000,1,2023-10-19T04:10:52.000Z,https://universalis.app/market/2670
2672,Hard Leather Skullcap,Lemon Squeezie,3499,1,2023-10-26T02:30:06.000Z,https://universalis.app/market/2672
2673,Bronze Celata,Sofia Firebird,5000,1,2023-10-09T02:09:28.000Z,https://universalis.app/market/2673
2675,Ash Mask,Alura Verdieu,10000,1,2023-10-08T21:42:12.000Z,https://universalis.app/market/2675
2677,Hunting Hat,Ifritson Firedude,842,1,2023-10-20T16:12:43.000Z,https://universalis.app/market/2677
2680,Decorated Bronze Barbut,Ume Chorrynth,7000,1,2023-10-16T23:02:52.000Z,https://universalis.app/market/2680
2685,Brass Circlet (Sunstone),Questra Djt-nong,10000,1,2023-10-21T22:57:49.000Z,https://universalis.app/market/2685
5169,Sunstone,Ume Chorrynth,3500,2,2023-10-13T00:06:35.000Z,https://universalis.app/market/5169
2687,Brass Circlet (Danburite),Jijima Jima,1000,1,2023-10-19T20:36:40.000Z,https://universalis.app/market/2687
5170,Danburite,Rhaz Berry,4002,4,2023-10-05T06:11:44.000Z,https://universalis.app/market/5170
2689,Brass Circlet (Malachite),Riu Himuro,1500,1,2023-10-06T09:03:39.000Z,https://universalis.app/market/2689
5171,Malachite,Seiki Kisaki,185,2,2023-10-08T06:33:46.000Z,https://universalis.app/market/5171
2691,Brass Circlet (Sphene),Freya Pendragon,500,1,2023-10-19T20:13:20.000Z,https://universalis.app/market/2691
5172,Sphene,Sullandra T'var,600000,1,2023-10-11T19:35:29.000Z,https://universalis.app/market/5172
2693,Brass Circlet (Fluorite),Vani Foxtrot,490,1,2023-10-21T01:36:33.000Z,https://universalis.app/market/2693
5173,Fluorite,Lilly Dragonblood,1999,4,2023-10-12T04:47:51.000Z,https://universalis.app/market/5173
2695,Brass Circlet (Lapis Lazuli),Anna Elpida,990,1,2023-10-21T15:06:11.000Z,https://universalis.app/market/2695
5174,Lapis Lazuli,Nagha Ganajai,350,2,2023-10-16T04:29:09.000Z,https://universalis.app/market/5174
2697,Goatskin Pot Helm,Kaz Kamijo,999,1,2023-10-11T05:07:18.000Z,https://universalis.app/market/2697
2699,Cotton Coif,Yu Zu,5000,1,2023-10-12T01:27:56.000Z,https://universalis.app/market/2699
2700,Cotton Coif of Gathering,Apology Bot,9500,1,2023-10-06T21:23:54.000Z,https://universalis.app/market/2700
2703,Ash Mask (Lapis Lazuli),U'zangho Rhea,500000,1,2023-10-28T02:19:21.000Z,https://universalis.app/market/2703
2708,Iron Sallet,Terrace De'tusk,8000,1,2023-10-08T00:32:05.000Z,https://universalis.app/market/2708
2710,Goatskin Eyepatch,Pvt Glarb,20000,1,2023-10-22T00:40:55.000Z,https://universalis.app/market/2710
2712,Iron Celata,Cilia Heart,4000000,1,2023-10-07T02:14:11.000Z,https://universalis.app/market/2712
5082,Iron Rings,Hyunjin Sharkbait,300,1,2023-10-27T09:36:50.000Z,https://universalis.app/market/5082
2714,Initiate's Headgear,Parzia Valla,20000,1,2023-10-04T02:22:11.000Z,https://universalis.app/market/2714
2719,Cotton Sugarloaf Hat,Venger Spinebreaker,17000000,1,2023-10-22T07:41:28.000Z,https://universalis.app/market/2719
2723,Iron Elmo,Tera Shell,10000,1,2023-10-25T23:43:17.000Z,https://universalis.app/market/2723
2725,Reinforced Iron Sallet,Riu Himuro,16969,1,2023-10-15T21:32:26.000Z,https://universalis.app/market/2725
2727,Velveteen Bandana,Zaen Midlandian,7000,1,2023-10-03T16:45:28.000Z,https://universalis.app/market/2727
2728,Silver Spectacles,Ume Chorrynth,50000,1,2023-10-06T00:44:44.000Z,https://universalis.app/market/2728
2729,Velveteen Turban,Catboy Summer,10000,1,2023-10-13T15:36:33.000Z,https://universalis.app/market/2729
2731,Silver Magnifiers,Masha Zolsesi,30000,1,2023-10-27T02:58:27.000Z,https://universalis.app/market/2731
2733,Velveteen Wedge Cap of Crafting,Sigurd Snow-hair,20000,1,2023-10-06T17:43:22.000Z,https://universalis.app/market/2733
2734,Velveteen Wedge Cap of Gathering,Venetian Republic,9500,1,2023-10-09T07:55:07.000Z,https://universalis.app/market/2734
2735,Silver Circlet (Garnet),Lorcan O'connor,22500,1,2023-10-04T22:54:43.000Z,https://universalis.app/market/2735
5175,Garnet,Chris Sharkbait,500,6,2023-10-20T10:15:10.000Z,https://universalis.app/market/5175
2737,Silver Circlet (Goshenite),Hanabi Kato,39999,1,2023-10-18T09:28:43.000Z,https://universalis.app/market/2737
5176,Goshenite,Ibe Profen,105,2,2023-10-05T13:33:59.000Z,https://universalis.app/market/5176
2739,Silver Circlet (Peridot),Nakra Koatal,25500,1,2023-10-05T21:59:11.000Z,https://universalis.app/market/2739
5177,Peridot,Serunath Lunathell,1501,1,2023-10-26T06:10:55.000Z,https://universalis.app/market/5177
2741,Silver Circlet (Heliodor),Gisthar Va'nen,11000,1,2023-10-17T23:31:32.000Z,https://universalis.app/market/2741
5178,Heliodor,Ms Eldari,2000,2,2023-10-09T18:46:45.000Z,https://universalis.app/market/5178
2743,Silver Circlet (Amethyst),V' V',9888,1,2023-10-07T20:05:57.000Z,https://universalis.app/market/2743
5179,Amethyst,Etoinelle Dechamberre,499,29,2023-10-06T20:01:27.000Z,https://universalis.app/market/5179
2745,Silver Circlet (Aquamarine),Eona Ryder,13000,1,2023-10-20T18:02:08.000Z,https://universalis.app/market/2745
5180,Aquamarine,Dietrich Ostendorff,500,99,2023-10-17T11:56:18.000Z,https://universalis.app/market/5180
2750,Velveteen Beret,Darkheart Syn,50000,1,2023-10-06T22:04:08.000Z,https://universalis.app/market/2750
5343,Cotton Boll,Kittykat Steve,1001,20,2023-10-20T00:41:46.000Z,https://universalis.app/market/5343
5355,Dodo Feather,Amelia Thermopolis,300,10,2023-10-05T07:58:36.000Z,https://universalis.app/market/5355
2753,Steel Sallet,Ophilia Maimhov,39999,1,2023-10-07T19:23:44.000Z,https://universalis.app/market/2753
2755,Steel Celata,Only Fantasies,30000,1,2023-10-03T12:27:53.000Z,https://universalis.app/market/2755
2757,Vintage Celata,Sirrom Dareth,2000,1,2023-10-08T13:23:02.000Z,https://universalis.app/market/2757
2758,Steel Goggles,Yazii Li,30000,1,2023-10-25T00:08:12.000Z,https://universalis.app/market/2758
2763,Velveteen Sugarloaf Hat,Delbeg Bolir,50031,1,2023-10-04T03:32:37.000Z,https://universalis.app/market/2763
2765,Steel Elmo,Endoh Reaper,1031,1,2023-10-04T05:07:04.000Z,https://universalis.app/market/2765
2767,Skull Eyepatch,Ume Chorrynth,200000,1,2023-10-20T00:19:38.000Z,https://universalis.app/market/2767
2769,Mythril Magnifiers,Kaida Lockhart,8900,1,2023-10-24T10:42:19.000Z,https://universalis.app/market/2769
2774,Mythril Spectacles,Kaylanii Moon,33000,1,2023-10-15T02:56:53.000Z,https://universalis.app/market/2774
2776,Linen Turban,Serenity Wolndara,9999,1,2023-10-03T15:17:08.000Z,https://universalis.app/market/2776
2778,Angler's Hat,Zaen Midlandian,20000,1,2023-10-06T21:16:40.000Z,https://universalis.app/market/2778
2779,Linen Hat,Blast'a Masta,27037,1,2023-10-16T16:46:41.000Z,https://universalis.app/market/2779
2790,Mythril Circlet (Rubellite),Roselyn Iris,31499,1,2023-10-14T19:21:50.000Z,https://universalis.app/market/2790
5181,Rubellite,Lilaka Mirepoix,100,3,2023-10-21T03:39:46.000Z,https://universalis.app/market/5181
2792,Mythril Circlet (Zircon),Themis Appleslices,5000,1,2023-10-11T06:30:52.000Z,https://universalis.app/market/2792
5182,Zircon,Yoda Kisaragi,1000,3,2023-10-20T21:11:15.000Z,https://universalis.app/market/5182
2794,Mythril Circlet (Tourmaline),S'rau Vorai,18500,1,2023-10-24T06:10:35.000Z,https://universalis.app/market/2794
2796,Mythril Circlet (Amber),Noah Hunt,7000,1,2023-10-23T04:21:04.000Z,https://universalis.app/market/2796
5184,Amber,Cinnamon Pancakes,1000,10,2023-10-07T06:57:51.000Z,https://universalis.app/market/5184
2798,Mythril Circlet (Spinel),Kassandra Kobayashi,19500,1,2023-10-22T11:12:51.000Z,https://universalis.app/market/2798
5185,Spinel,Jake'from Statefarm,500,16,2023-10-04T20:06:44.000Z,https://universalis.app/market/5185
2800,Mythril Circlet (Turquoise),Sorsha Bavmorda,750,1,2023-10-11T06:09:58.000Z,https://universalis.app/market/2800
5186,Turquoise,Luna Vanloth,250,5,2023-10-21T00:41:46.000Z,https://universalis.app/market/5186
2802,Mythril Elmo,Only Fantasies,39500,1,2023-10-04T11:00:34.000Z,https://universalis.app/market/2802
2804,Linen Wedge Cap of Crafting,Feliski Spaghettini,200000,1,2023-10-18T22:05:36.000Z,https://universalis.app/market/2804
2805,Linen Wedge Cap of Gathering,Muteki Ryoshi,8500,1,2023-10-11T23:53:13.000Z,https://universalis.app/market/2805
2806,Woolen Coif,Meowmeow Bigheals,20000,1,2023-10-07T01:22:24.000Z,https://universalis.app/market/2806
5328,Undyed Woolen Cloth,Nilana Atophos,10000,1,2023-10-10T03:50:39.000Z,https://universalis.app/market/5328
2808,Woolen Coif of Gathering,Trecent Kogane,20000,1,2023-10-06T17:18:58.000Z,https://universalis.app/market/2808
2810,Woolen Turban,Phran Thresher,20000,1,2023-10-13T03:56:56.000Z,https://universalis.app/market/2810
2812,Mythril Celata,Lecy Valentine,22000,1,2023-10-25T00:54:58.000Z,https://universalis.app/market/2812
5089,Mythril Rings,Youspoony Bard,1900,1,2023-10-27T00:14:49.000Z,https://universalis.app/market/5089
2814,Woolen Hat,Nimue Tempest,28000,1,2023-10-05T03:40:19.000Z,https://universalis.app/market/2814
2816,Linen Deerstalker,Parzia Valla,30000,1,2023-10-07T17:31:01.000Z,https://universalis.app/market/2816
2817,Mythril Barbut,Ashedar Deroso,20000,1,2023-10-06T02:56:57.000Z,https://universalis.app/market/2817
2819,Mythril Mesail,Zaen Midlandian,29999,1,2023-10-13T03:00:35.000Z,https://universalis.app/market/2819
2825,Ranger's Hat,Vyr'lara Raventys,3000,1,2023-10-22T17:07:04.000Z,https://universalis.app/market/2825
2827,Mythril Chain Coif,Reis Leone,19000,1,2023-10-22T08:50:48.000Z,https://universalis.app/market/2827
2829,Woolen Beret,Pagaga Vochstein,200000,1,2023-10-11T02:29:10.000Z,https://universalis.app/market/2829
5348,Apkallu Down,Likol Newesfve,7000,4,2023-10-28T15:16:39.000Z,https://universalis.app/market/5348
2830,Reinforced Mythril Elmo,Oberon Yllavaris,43000,1,2023-10-09T15:13:46.000Z,https://universalis.app/market/2830
2832,Woolen Cavalier's Hat,Sylvie Sunrider',14999,1,2023-10-07T06:05:02.000Z,https://universalis.app/market/2832
2834,Cobalt Preserves,Moon Cheesecake,29000,1,2023-10-23T21:22:36.000Z,https://universalis.app/market/2834
2835,Felt Coif,Yumera Winters,28500,1,2023-10-08T08:55:44.000Z,https://universalis.app/market/2835
2837,Felt Coif of Gathering,Zaen Midlandian,19998,1,2023-10-10T19:40:27.000Z,https://universalis.app/market/2837
2850,Cobalt Elmo,Caroline Varlineau,21999,1,2023-10-23T17:53:55.000Z,https://universalis.app/market/2850
2852,Felt Hat,Siobhan Kellia,40000,1,2023-10-12T14:49:54.000Z,https://universalis.app/market/2852
2854,Woolen Deerstalker,Lahabrea Ballin',19999,1,2023-10-22T22:08:45.000Z,https://universalis.app/market/2854
2855,Vintage Jester's Cap,Katt Swaws,30000,1,2023-10-14T08:28:30.000Z,https://universalis.app/market/2855
2702,Moldering Jester's Cap,Saucy Arkanah,498,1,2023-10-11T00:11:53.000Z,https://universalis.app/market/2702
2857,Electrum Monocle,Agrat'bat Mahlat,28000,1,2023-10-22T16:30:25.000Z,https://universalis.app/market/2857
5087,Brass Rings,Aitch Bar,15,2,2023-10-07T04:23:09.000Z,https://universalis.app/market/5087
2859,Cobalt Barbut,Khisanth Teralind,30000,1,2023-10-14T01:24:13.000Z,https://universalis.app/market/2859
2861,Cobalt Mesail,Tabi Yuki,50000,1,2023-10-03T19:00:51.000Z,https://universalis.app/market/2861
2862,Raptorskin Pot Helm,Lachelle Voras,15000,1,2023-10-06T16:25:58.000Z,https://universalis.app/market/2862
2870,Electrum Circlet (Rubellite),Jing Coresh,16000,1,2023-10-16T13:33:29.000Z,https://universalis.app/market/2870
2872,Electrum Circlet (Zircon),Darkness Rydia,39000,1,2023-10-04T04:30:48.000Z,https://universalis.app/market/2872
2876,Electrum Circlet (Amber),David Henry,39999,1,2023-10-09T16:33:04.000Z,https://universalis.app/market/2876
2878,Electrum Circlet (Spinel),David Henry,39999,1,2023-10-09T16:33:12.000Z,https://universalis.app/market/2878
2882,Rainmaker's Hat,Unicorn Plant,20061,1,2023-10-09T02:34:22.000Z,https://universalis.app/market/2882
2884,Cobalt Chain Coif,Yunalesca Yevon,6000,1,2023-10-08T00:30:36.000Z,https://universalis.app/market/2884
5084,Cobalt Rings,Illyria Amell,2000,1,2023-10-07T02:05:33.000Z,https://universalis.app/market/5084
2886,Felt Beret,Zaen Midlandian,28998,1,2023-10-13T01:30:57.000Z,https://universalis.app/market/2886
2888,Vintage Coif,Smurgle Biscuits,30000,1,2023-10-23T06:55:59.000Z,https://universalis.app/market/2888
2891,Felt Cavalier's Hat,Billie Dylus,25250,1,2023-10-10T02:37:36.000Z,https://universalis.app/market/2891
2893,Cobalt Sallet,Meyrin Hawk,9000,1,2023-10-25T03:30:51.000Z,https://universalis.app/market/2893
2895,Patrician's Wedge Cap,Havok Crippleton,45000,1,2023-10-06T01:57:41.000Z,https://universalis.app/market/2895
2911,Militia Barbut,Anastasia Elias,8998,1,2023-10-09T17:56:39.000Z,https://universalis.app/market/2911
2912,Militia Armet,Leftenant Scarlett,3990,1,2023-10-28T04:49:22.000Z,https://universalis.app/market/2912
2913,Militia Hat,Mlrm Ermm,1169,1,2023-10-20T22:48:17.000Z,https://universalis.app/market/2913
2915,Silver Tricorne,Anya Taylor-joy,7999,1,2023-10-05T23:39:16.000Z,https://universalis.app/market/2915
5287,Uraeus Leather,James Estelle,12000,2,2023-10-03T21:49:15.000Z,https://universalis.app/market/5287
2920,Carpenter's Hood,Cbee Il,15000,1,2023-10-16T18:15:49.000Z,https://universalis.app/market/2920
2921,Blacksmith's Goggles,Ibe Profen,9099,1,2023-10-06T16:06:27.000Z,https://universalis.app/market/2921
2923,Goldsmith's Turban,Albatross Dream,2999,1,2023-10-10T08:54:37.000Z,https://universalis.app/market/2923
2924,Leatherworker's Hat,Alice Vibing,29998,1,2023-10-25T18:12:36.000Z,https://universalis.app/market/2924
2925,Weaver's Gibus,Nimue Umiko,30000,1,2023-10-16T22:00:21.000Z,https://universalis.app/market/2925
2926,Alchemist's Monocle,Lavitz Grey,14000,1,2023-10-18T07:50:59.000Z,https://universalis.app/market/2926
2927,Culinarian's Hat,Solaara Windynn,100000,1,2023-10-15T01:35:16.000Z,https://universalis.app/market/2927
2928,Hamlet Digger's Helmet,Mitsue Urabito,10000,1,2023-10-07T10:39:56.000Z,https://universalis.app/market/2928
2929,Hamlet Cutter's Hat,Minxie Kha,31000,1,2023-10-10T00:47:29.000Z,https://universalis.app/market/2929
2930,Hamlet Puller's Hat,Calyx Ariti,19998,1,2023-10-18T00:33:53.000Z,https://universalis.app/market/2930
2932,Rose Gold Circlet,Nino Azelle,8000,1,2023-10-12T02:52:01.000Z,https://universalis.app/market/2932
2931,Legionary Visor,Day Celes,266000000,1,2023-10-23T03:32:08.000Z,https://universalis.app/market/2931
5067,Rose Gold Ingot,Te'q Sinsonte,1700,1,2023-10-22T17:09:57.000Z,https://universalis.app/market/5067
2934,Imperial Operative Hat,Uni Kriezyk,3496,1,2023-10-28T22:18:41.000Z,https://universalis.app/market/2934
2938,Gryphonskin Bandana,Rhea Doran,3300,1,2023-10-22T09:29:59.000Z,https://universalis.app/market/2938
5289,Hard Hippogryph Leather,Kifa Fahnrir,5200,1,2023-10-27T00:12:51.000Z,https://universalis.app/market/5289
2939,Gryphonskin Hat,Lekaka Leka,1999,1,2023-10-14T04:10:02.000Z,https://universalis.app/market/2939
2940,Darksteel Chain Coif,Zarlina Cott,1997,1,2023-10-09T21:58:21.000Z,https://universalis.app/market/2940
5085,Darksteel Rings,Megara Starkiller,1000,3,2023-10-20T03:54:55.000Z,https://universalis.app/market/5085
2941,Vanya Hat of Casting,Vonosten Asuka,30000,1,2023-10-25T20:43:28.000Z,https://universalis.app/market/2941
5577,Vanya Silk Hat Lining,Altemys Theldry,2410,1,2023-10-12T16:41:26.000Z,https://universalis.app/market/5577
2942,Vanya Hat of Healing,Jelly Pants,18900,1,2023-10-28T14:26:55.000Z,https://universalis.app/market/2942
2959,Hempen Dalmatica of Gathering,No Way,200000000,1,2023-10-19T18:19:47.000Z,https://universalis.app/market/2959
2960,Hempen Tunic,Naughty Totty,190000000,1,2023-10-18T21:03:56.000Z,https://universalis.app/market/2960
2961,Hempen Kurta,Ai Zgod,102,1,2023-10-28T22:07:17.000Z,https://universalis.app/market/2961
2993,Company Tabard,Only Fantasies,1529999,1,2023-10-05T13:39:09.000Z,https://universalis.app/market/2993
2996,Hempen Undershirt,Nix Ennorin,50000000,1,2023-10-28T01:10:04.000Z,https://universalis.app/market/2996
2997,Hempen Camise,Sterling Sartre,75000000,1,2023-10-22T00:08:59.000Z,https://universalis.app/market/2997
2999,Hempen Tabard,Dino Punch-kick,28950,1,2023-10-21T20:52:15.000Z,https://universalis.app/market/2999
3000,Hempen Cowl,Tux Stormblessed,1006,1,2023-10-04T04:47:26.000Z,https://universalis.app/market/3000
3001,Hempen Shepherd's Tunic,Duo Maxwell,24500,1,2023-10-26T15:43:01.000Z,https://universalis.app/market/3001
3008,Hempen Acton,Crei Khett,8495,1,2023-10-28T02:10:46.000Z,https://universalis.app/market/3008
5341,Moko Grass,Shinobi Dm,99,2,2023-10-24T13:14:37.000Z,https://universalis.app/market/5341
3010,Hempen Halfrobe,Sin'na Deena,6000,1,2023-10-23T02:23:47.000Z,https://universalis.app/market/3010
3011,Bronze Haubergeon,White Coral,6000,1,2023-10-15T02:00:07.000Z,https://universalis.app/market/3011
3013,Amateur's Doublet Vest,Muffin Oftin,10006,1,2023-10-12T02:39:23.000Z,https://universalis.app/market/3013
3014,Amateur's Kurta,Stevie Thomas,1000,1,2023-10-15T03:53:34.000Z,https://universalis.app/market/3014
3015,Amateur's Dalmatica,Harsghalt Helios,5000,1,2023-10-03T12:23:09.000Z,https://universalis.app/market/3015
3016,Leather Jacket,Ouka Ootori,7000,1,2023-10-15T14:04:54.000Z,https://universalis.app/market/3016
3017,Hard Leather Harness,Umari Kisne,9000,1,2023-10-26T04:10:59.000Z,https://universalis.app/market/3017
3018,Hempen Robe,Quinnie Boo,47500000,1,2023-10-17T14:08:25.000Z,https://universalis.app/market/3018
3019,Hempen Doublet Vest of Crafting,Sko'gar Ljon,950,1,2023-10-24T20:07:37.000Z,https://universalis.app/market/3019
3020,Hempen Doublet Vest of Gathering,Yennefer Lafeye,5000,1,2023-10-04T23:49:46.000Z,https://universalis.app/market/3020
3022,Cotton Shirt,Kirbly Durbly,5111,1,2023-10-08T06:17:20.000Z,https://universalis.app/market/3022
3023,Cotton Shepherd's Tunic,Kagome Leonheart,10000,1,2023-10-07T21:49:34.000Z,https://universalis.app/market/3023
3024,Cotton Cowl,Ai Zgod,300,1,2023-10-28T22:05:54.000Z,https://universalis.app/market/3024
3026,Bronze Cuirass,Arinasai Rokuyari,421,1,2023-10-21T15:10:02.000Z,https://universalis.app/market/3026
3028,Cotton Tabard,Lumin Surt,10000,1,2023-10-27T03:29:28.000Z,https://universalis.app/market/3028
3036,Cotton Dalmatica,Elora Balro,5000,1,2023-10-07T23:18:24.000Z,https://universalis.app/market/3036
3038,Cotton Dalmatica of Gathering,Riddle Box,8000,1,2023-10-15T19:06:45.000Z,https://universalis.app/market/3038
3039,Cotton Acton,Hrist Vaelhart,15000,1,2023-10-08T23:48:47.000Z,https://universalis.app/market/3039
3041,Cotton Kurta,Zaria Modernia,10000,1,2023-10-06T22:04:48.000Z,https://universalis.app/market/3041
3043,Goatskin Jacket,Aneris Kora,300,1,2023-10-21T23:24:20.000Z,https://universalis.app/market/3043
3045,Iron Cuirass,Ume Chorrynth,50000,1,2023-10-20T00:18:58.000Z,https://universalis.app/market/3045
3050,Cotton Halfrobe,Mr Mattattack,20000,1,2023-10-27T09:04:11.000Z,https://universalis.app/market/3050
3052,Cotton Doublet Vest of Crafting,Vanilla Chan,49999,1,2023-10-26T03:30:23.000Z,https://universalis.app/market/3052
3053,Cotton Doublet Vest of Gathering,Anne Bonny,27988,1,2023-10-05T02:48:55.000Z,https://universalis.app/market/3053
3057,Iron Scale Mail,Reighven Wrekz,15021,1,2023-10-05T05:06:36.000Z,https://universalis.app/market/3057
3060,Cotton Trapper's Tunic,Cal Sideris,4020,1,2023-10-11T15:32:51.000Z,https://universalis.app/market/3060
3062,Cotton Robe,Sum Yumi,76500000,1,2023-10-15T09:06:43.000Z,https://universalis.app/market/3062
3064,Initiate's Doublet Vest,Xter Sea,20000,1,2023-10-06T01:43:50.000Z,https://universalis.app/market/3064
3065,Initiate's Gown,Willow Lunasulor,8500,1,2023-10-08T05:03:40.000Z,https://universalis.app/market/3065
3066,Velveteen Shirt,M'yieh Gelsa,30000,1,2023-10-11T00:13:01.000Z,https://universalis.app/market/3066
3068,Heavy Iron Armor,Astral Gemini,100000000,1,2023-10-28T03:51:38.000Z,https://universalis.app/market/3068
3076,Vintage Coatee,Hahato Hato,20000,1,2023-10-29T00:34:09.000Z,https://universalis.app/market/3076
3009,Moth-eaten Coatee,Ceto Oki,90000,1,2023-10-18T01:49:12.000Z,https://universalis.app/market/3009
3077,Velveteen Coatee of Crafting,Zaen Midlandian,22000,1,2023-10-05T00:37:21.000Z,https://universalis.app/market/3077
3090,Velveteen Cowl,Grimm Noire,180000,1,2023-10-20T08:49:14.000Z,https://universalis.app/market/3090
3092,Velveteen Coatee of Gathering,Mikowo Neigh,14999,1,2023-10-04T07:16:47.000Z,https://universalis.app/market/3092
3096,Steel Chainmail,Shono Kagon,39000,1,2023-10-04T16:32:32.000Z,https://universalis.app/market/3096
5083,Steel Rings,Nadaki Vanima,2450,4,2023-10-24T23:09:36.000Z,https://universalis.app/market/5083
3099,Toadskin Jerkin,Kaede Natsumi,20000,1,2023-10-04T17:22:07.000Z,https://universalis.app/market/3099
3100,Toadskin Jacket,Shinobi Kaiyo,30000000,1,2023-10-07T03:22:26.000Z,https://universalis.app/market/3100
3102,Steel Cuirass,Kurosaki Mitsuki,29999,1,2023-10-08T18:24:15.000Z,https://universalis.app/market/3102
3104,Velveteen Gown,Zaen Midlandian,30000,1,2023-10-05T20:02:22.000Z,https://universalis.app/market/3104
3105,Vintage Doublet Vest,Azisare Tepet,50000,1,2023-10-10T22:54:04.000Z,https://universalis.app/market/3105
2998,Frayed Cotton Doublet Vest,Knios Torsnesi,1000,1,2023-10-07T02:45:35.000Z,https://universalis.app/market/2998
3106,Velveteen Robe,Ruffled Owlet,30000,1,2023-10-26T02:19:47.000Z,https://universalis.app/market/3106
3118,Steel Scale Mail,Azrael Starblaze,20000,1,2023-10-23T01:36:48.000Z,https://universalis.app/market/3118
3120,Velveteen Doublet Vest of Crafting,Hydro Xander,35000,1,2023-10-14T14:58:57.000Z,https://universalis.app/market/3120
3121,Velveteen Doublet Vest of Gathering,Usagi Pillow,50000,1,2023-10-10T05:57:56.000Z,https://universalis.app/market/3121
3125,Linen Shirt,Frankstral Stasis,29999,1,2023-10-05T03:08:22.000Z,https://universalis.app/market/3125
3127,Heavy Steel Armor,Zeve Arda,30000,1,2023-10-08T02:38:29.000Z,https://universalis.app/market/3127
3131,Linen Robe,Hydro Xander,35000,1,2023-10-15T23:08:41.000Z,https://universalis.app/market/3131
3137,Vintage Chef's Apron,Sam Dickey,1278667,1,2023-10-16T19:54:23.000Z,https://universalis.app/market/3137
3012,Stained Chef's Apron,Kinni Fishe,300000000,1,2023-10-04T18:31:22.000Z,https://universalis.app/market/3012
3138,Boarskin Harness,Blast'a Masta,10000,1,2023-10-04T05:32:03.000Z,https://universalis.app/market/3138
3140,Linen Cowl,Mica Cahall,30065,1,2023-10-14T22:02:34.000Z,https://universalis.app/market/3140
3142,Horn Scale Mail,Capulus Tempus,30000,1,2023-10-09T23:02:58.000Z,https://universalis.app/market/3142
3144,Linen Coatee of Crafting,Ry'neuth Keki,34899,1,2023-10-10T07:49:02.000Z,https://universalis.app/market/3144
3145,Linen Coatee of Gathering,String Bean,20000,1,2023-10-15T17:56:38.000Z,https://universalis.app/market/3145
3146,Linen Bliaud,Meowmeow Bigheals,20000,1,2023-10-07T01:22:45.000Z,https://universalis.app/market/3146
3147,Woolen Shirt,Rosita Caldoren,7067,1,2023-10-15T10:11:52.000Z,https://universalis.app/market/3147
3149,Mythril Cuirass,Spiceweasel Blackwell,49999,1,2023-10-05T01:48:33.000Z,https://universalis.app/market/3149
3160,Woolen Robe,Amaya Iriq,20000,1,2023-10-14T02:55:17.000Z,https://universalis.app/market/3160
3162,Linen Smock,Willow Lunasulor,35000,1,2023-10-11T00:55:23.000Z,https://universalis.app/market/3162
3163,Linen Doublet,Zaen Midlandian,24999,1,2023-10-09T19:49:32.000Z,https://universalis.app/market/3163
3021,Blackened Scale Mail,Crimson Nobody,5945,1,2023-10-11T17:10:45.000Z,https://universalis.app/market/3021
3165,Peisteskin Harness,Claudio Killganon,33333,1,2023-10-11T01:06:53.000Z,https://universalis.app/market/3165
3172,Ranger's Tunic,Rainy Seer,25000,1,2023-10-16T23:10:20.000Z,https://universalis.app/market/3172
3174,Mythril Haubergeon,Evyn Sebring,20084,1,2023-10-19T00:19:54.000Z,https://universalis.app/market/3174
3176,Woolen Gown,Ibe Profen,39999,1,2023-10-03T15:11:32.000Z,https://universalis.app/market/3176
3177,Boarskin Jerkin,Yennefer Lafeye,34999,1,2023-10-22T16:07:20.000Z,https://universalis.app/market/3177
3178,Woolen Bliaud,Turbo Quando,8200,1,2023-10-09T04:17:03.000Z,https://universalis.app/market/3178
3180,High Mythril Armor,Reis Leone,49999,1,2023-10-24T05:39:56.000Z,https://universalis.app/market/3180
3182,Vintage Seneschal Coatee,Eileen Gnurt,40000,1,2023-10-15T21:29:16.000Z,https://universalis.app/market/3182
3098,Moth-eaten Seneschal Coatee,Miso Moonbourne,65000,1,2023-10-26T13:15:30.000Z,https://universalis.app/market/3098
3183,Tortoiseshell Scale Mail,Vuln Collector,25000,1,2023-10-08T06:08:01.000Z,https://universalis.app/market/3183
3185,Felt Robe,Smurgle Biscuits,29999,1,2023-10-23T06:56:12.000Z,https://universalis.app/market/3185
3187,Woolen Smock,Cardief Acorde,45000,1,2023-10-23T01:04:53.000Z,https://universalis.app/market/3187
3188,Woolen Doublet,Ibe Profen,7699,1,2023-10-03T16:39:52.000Z,https://universalis.app/market/3188
3191,Raptorskin Harness,Emerie Windhaven,19000,1,2023-10-29T05:02:01.000Z,https://universalis.app/market/3191
3193,Woolen Cowl,Tirius Aldamar,10000,1,2023-10-23T02:35:50.000Z,https://universalis.app/market/3193
3201,Rainmaker's Tunic,Tran Tran,39895,1,2023-10-10T02:15:09.000Z,https://universalis.app/market/3201
3203,Cobalt Haubergeon,Liara Sandoval,50000,1,2023-10-10T11:12:24.000Z,https://universalis.app/market/3203
3205,Felt Gown,Akari Sara,32000,1,2023-10-26T02:09:33.000Z,https://universalis.app/market/3205
3206,Raptorskin Jerkin,Mina Heartstone,49999,1,2023-10-09T20:33:36.000Z,https://universalis.app/market/3206
3208,Vintage Robe,Vailyn Winters,50000,1,2023-10-08T08:55:33.000Z,https://universalis.app/market/3208
3108,Tattered Robe,Otoha Kannagi,30000,1,2023-10-15T09:53:01.000Z,https://universalis.app/market/3108
3209,Cobalt Cuirass,Killien O'malley,12000,1,2023-10-07T19:49:19.000Z,https://universalis.app/market/3209
3211,Felt Bliaud,Callisto Pendragon,39999,1,2023-10-07T03:25:51.000Z,https://universalis.app/market/3211
3213,Raptorskin Jacket,Claudio Killganon,30095,1,2023-10-18T01:06:31.000Z,https://universalis.app/market/3213
3215,Patrician's Coatee,Valerian Asterius,49000,1,2023-10-26T02:10:51.000Z,https://universalis.app/market/3215
3218,Vintage Haubergeon,Eramus Larkstin,40000,1,2023-10-09T00:06:51.000Z,https://universalis.app/market/3218
3229,Carpenter's Gown,Erika Underhill,19999,1,2023-10-26T03:21:26.000Z,https://universalis.app/market/3229
3230,Blacksmith's Apron,Tina Tinker,66964,1,2023-10-20T02:12:19.000Z,https://universalis.app/market/3230
3231,Armorer's Gown,Honest Evil,23300,1,2023-10-08T21:32:57.000Z,https://universalis.app/market/3231
3232,Goldsmith's Doublet,Albatross Dream,12097,1,2023-10-10T08:54:16.000Z,https://universalis.app/market/3232
3233,Leatherworker's Shirt,Akari Sara,19992,1,2023-10-26T02:17:25.000Z,https://universalis.app/market/3233
3234,Weaver's Swallowtail,Drunk Fox,52970,1,2023-10-10T23:12:42.000Z,https://universalis.app/market/3234
3235,Alchemist's Coat,Fire Ashes,55000,1,2023-10-07T03:18:51.000Z,https://universalis.app/market/3235
3236,Culinarian's Apron,Solaara Windynn,100000,1,2023-10-15T01:35:23.000Z,https://universalis.app/market/3236
3237,Miner's Shirt,Karagisi Mavina,70000,1,2023-10-23T07:45:35.000Z,https://universalis.app/market/3237
3238,Botanist's Doublet,Climhazzard Fury,70000,1,2023-10-16T10:58:50.000Z,https://universalis.app/market/3238
3239,Fisher's Shirt,Albert Lighbringer,68800,1,2023-10-18T22:11:57.000Z,https://universalis.app/market/3239
3240,Militia Robe,Samael Shido,2000,1,2023-10-18T22:47:45.000Z,https://universalis.app/market/3240
3241,Militia Cuirass,Cherry Petals,8490,1,2023-10-05T18:14:41.000Z,https://universalis.app/market/3241
3242,Militia Harness,Riven Zatoshi,35000,1,2023-10-19T14:19:33.000Z,https://universalis.app/market/3242
3243,Mosshorn Scale Mail,Baxtard Griffa,5000,1,2023-10-07T21:45:00.000Z,https://universalis.app/market/3243
5437,Mossy Horn,Stevie Thomas,500,2,2023-10-04T15:30:01.000Z,https://universalis.app/market/5437
3244,Dodore Doublet,Lahabrea Ballin',27000,1,2023-10-22T22:08:36.000Z,https://universalis.app/market/3244
5286,Dodore Leather,Makoto Amano,555,1,2023-10-04T08:00:18.000Z,https://universalis.app/market/5286
3249,Imperial Operative Dalmatica,Facu Ly,2000,1,2023-10-13T01:37:28.000Z,https://universalis.app/market/3249
3256,Heavy Darksteel Armor,Drunk Fox,9999,1,2023-10-06T15:48:04.000Z,https://universalis.app/market/3256
5585,Darksteel Breastplate,Didrianna Winterset,2000,2,2023-10-08T01:00:41.000Z,https://universalis.app/market/5585
5105,Garlean Steel Plate,Krazed Shadow,98,1,2023-10-22T06:17:35.000Z,https://universalis.app/market/5105
3258,Gryphonskin Jerkin,Undying Misery,2294,1,2023-10-12T05:50:38.000Z,https://universalis.app/market/3258
5290,Coeurl Fur,Monka Yes,99,1,2023-10-27T05:32:24.000Z,https://universalis.app/market/5290
5581,Gryphonskin Shoulder Guards,Didrianna Winterset,2021,1,2023-10-08T00:59:41.000Z,https://universalis.app/market/5581
3259,Gryphonskin Tunic,Whyis Gamora,3952,1,2023-10-08T19:35:34.000Z,https://universalis.app/market/3259
5104,Garlean Steel Joint,D'lyxna Tia,370,1,2023-10-24T01:36:36.000Z,https://universalis.app/market/5104
3260,Vanya Robe of Casting,Pikmin Tempest,2999,1,2023-10-04T01:52:53.000Z,https://universalis.app/market/3260
5578,Vanya Silk Robe Lining,Didrianna Winterset,2100,2,2023-10-21T01:26:50.000Z,https://universalis.app/market/5578
3261,Vanya Robe of Healing,Cedrik Winterbane,2798,1,2023-10-22T02:59:52.000Z,https://universalis.app/market/3261
3274,Hempen Breeches,Samuel Poe,18099,1,2023-10-07T10:48:31.000Z,https://universalis.app/market/3274
3275,Hempen Breeches of Crafting,Fae Aesys,1003,1,2023-10-23T22:55:14.000Z,https://universalis.app/market/3275
3276,Hempen Shepherd's Slops,Kitaranas Kravenfeld,20000,1,2023-10-21T19:09:02.000Z,https://universalis.app/market/3276
3307,Hempen Underpants,Cale Gamble,30000,1,2023-10-23T05:18:31.000Z,https://universalis.app/market/3307
3308,Hempen Pantalettes,Vylette Valentine,125000000,1,2023-10-04T22:45:13.000Z,https://universalis.app/market/3308
3309,Hempen Chausses,Stevie Thomas,5000,1,2023-10-15T03:53:14.000Z,https://universalis.app/market/3309
3310,Leather Culottes,Anastasia Romanov,9999,1,2023-10-16T00:58:53.000Z,https://universalis.app/market/3310
3311,Hempen Sarouel,King Wahbiit,1500,1,2023-10-08T23:56:00.000Z,https://universalis.app/market/3311
3312,Hempen Tights,Venger Spinebreaker,1000000,1,2023-10-06T03:45:53.000Z,https://universalis.app/market/3312
3313,Hempen Kecks,Prok Prok,10000,1,2023-10-05T22:08:16.000Z,https://universalis.app/market/3313
3314,Hempen Gaskins,Chigusa Obinata,4006,1,2023-10-09T00:24:34.000Z,https://universalis.app/market/3314
3315,Amateur's Slops,Ulti Ofstreams,45000,1,2023-10-20T13:15:19.000Z,https://universalis.app/market/3315
3316,Amateur's Breeches,Z'abhji Bann,9007,1,2023-10-09T21:11:20.000Z,https://universalis.app/market/3316
3317,Hempen Bottoms,Luna Kadar,5000,1,2023-10-21T10:47:48.000Z,https://universalis.app/market/3317
3318,Hempen Trousers,Kulai Ru,10000,1,2023-10-24T02:34:11.000Z,https://universalis.app/market/3318
3319,Hard Leather Subligar,Vylette Valentine,6800000,1,2023-10-09T20:55:20.000Z,https://universalis.app/market/3319
3320,Striped Cotton Slops,Tal'ewain Ashe,4980,1,2023-10-05T00:21:27.000Z,https://universalis.app/market/3320
3321,Cotton Sarouel,Arizona Sun-tea,2111,1,2023-10-24T02:01:49.000Z,https://universalis.app/market/3321
3322,Cotton Shepherd's Slops,Xzar Lanyari,10600,1,2023-10-04T05:49:05.000Z,https://universalis.app/market/3322
3324,Cotton Chausses,Zaen Midlandian,10000,1,2023-10-13T02:51:14.000Z,https://universalis.app/market/3324
3325,Padded Hempen Trousers,Illuminant Jewel,300,1,2023-10-12T15:28:45.000Z,https://universalis.app/market/3325
3327,Cotton Tights,Palawa Joko,36997,1,2023-10-06T13:01:13.000Z,https://universalis.app/market/3327
3332,Cotton Trousers,Lilia Gsupps,12100,1,2023-10-07T06:10:03.000Z,https://universalis.app/market/3332
