id,name,buyerName,pricePerUnit,quantity,timestamp,universalisUrl
1602,Bronze Bastard Sword,Cale Gamble,11104,1,2023-11-04T19:09:41.000Z,https://universalis.app/market/1602
2,Fire Shard,Nir Rjuva,175,55,2023-10-25T01:29:42.000Z,https://universalis.app/market/2
5,Earth Shard,Seely Bytes,175,55,2023-11-06T04:33:08.000Z,https://universalis.app/market/5
5056,Bronze Ingot,Dex Incognito,920,2,2023-10-26T22:40:24.000Z,https://universalis.app/market/5056
5361,Maple Lumber,Tux Rose,992,1,2023-10-22T08:28:05.000Z,https://universalis.app/market/5361
5432,Bone Chip,Sally Sweetcakes,69,1,2023-11-03T12:45:03.000Z,https://universalis.app/market/5432
1603,Viking Sword,Lynne Xo,11114,1,2023-11-03T02:37:52.000Z,https://universalis.app/market/1603
5275,Leather,Reading Rainbow,250,90,2023-11-01T07:28:17.000Z,https://universalis.app/market/5275
1604,Ash Macuahuitl,Megumi Ornitier,10000000,1,2023-11-02T04:49:29.000Z,https://universalis.app/market/1604
3,Ice Shard,Estelle Ceres,100,100,2023-11-02T19:41:10.000Z,https://universalis.app/market/3
4,Wind Shard,Cember Kane,175,55,2023-11-06T02:43:11.000Z,https://universalis.app/market/4
5124,Obsidian,Agnys Morningstar,99,20,2023-11-15T14:59:54.000Z,https://universalis.app/market/5124
5364,Ash Lumber,Ayolan Whiteflame,5000,1,2023-11-14T22:02:34.000Z,https://universalis.app/market/5364
1605,Bronze Spatha,Ubito Tabito,10000,1,2023-10-31T14:08:58.000Z,https://universalis.app/market/1605
5276,Hard Leather,Azisare Tepet,1800,6,2023-11-11T12:18:32.000Z,https://universalis.app/market/5276
5434,Ram Horn,Drake Xelacroix,200,99,2023-11-14T11:15:01.000Z,https://universalis.app/market/5434
1607,Brass Bastard Sword,Sazarn Cai,3000,1,2023-11-12T07:18:56.000Z,https://universalis.app/market/1607
5063,Brass Ingot,Edston Barrows,5250,1,2023-11-07T13:02:22.000Z,https://universalis.app/market/5063
1609,Brass Viking Sword,Issu Alloces,1000,1,2023-11-01T00:40:41.000Z,https://universalis.app/market/1609
5277,Aldgoat Leather,Aizileona Gethmara,20000,2,2023-11-11T03:39:40.000Z,https://universalis.app/market/5277
1611,Carnage Sword,Trik Ari,988,1,2023-10-28T00:23:40.000Z,https://universalis.app/market/1611
1614,Iron Shortsword,Questra Djt-nong,5000,1,2023-10-23T14:41:30.000Z,https://universalis.app/market/1614
5057,Iron Ingot,Nyx Daemonborne,1000,8,2023-10-28T21:10:08.000Z,https://universalis.app/market/5057
5367,Elm Lumber,Index Curia,2000,3,2023-10-22T21:15:46.000Z,https://universalis.app/market/5367
1622,Iron Spatha,Nell Higgins,4019,1,2023-11-05T15:32:00.000Z,https://universalis.app/market/1622
5435,Antelope Horn,Lilian Kenesis,1501,1,2023-11-05T23:30:09.000Z,https://universalis.app/market/5435
1625,Steel Broadsword,Monsieur Yasuo,7000,1,2023-10-28T18:43:44.000Z,https://universalis.app/market/1625
5058,Steel Ingot,Lilymarie Bean,10000,2,2023-11-16T06:00:17.000Z,https://universalis.app/market/5058
5371,Walnut Lumber,Helix Nova,4000,1,2023-11-17T15:06:09.000Z,https://universalis.app/market/5371
5444,Wolf Fang,Fuyu Hanako,4948,3,2023-10-22T03:17:58.000Z,https://universalis.app/market/5444
1627,Elm Macuahuitl,Gisthar Va'nen,801,1,2023-11-03T17:39:56.000Z,https://universalis.app/market/1627
1633,Steel Falchion,Alathiel Mewrilah,20000,1,2023-11-14T23:52:05.000Z,https://universalis.app/market/1633
5260,Siltstone Whetstone,Gurann Natsu,502,2,2023-10-22T12:06:17.000Z,https://universalis.app/market/5260
8,Fire Crystal,Dread Spawn,85,1000,2023-11-05T01:28:46.000Z,https://universalis.app/market/8
5259,Mudstone Whetstone,Suave Thewise,6000,2,2023-11-17T15:52:23.000Z,https://universalis.app/market/5259
1637,Walnut Macuahuitl,Divinix Windstar,7497,1,2023-11-08T22:52:22.000Z,https://universalis.app/market/1637
5125,Wyvern Obsidian,Mephisto Baelfire,300,73,2023-10-30T16:49:20.000Z,https://universalis.app/market/5125
1639,Steel Longsword,Oberon Yllavaris,40000,1,2023-11-01T02:34:14.000Z,https://universalis.app/market/1639
5504,Fish Glue,Titan Tiddies,3000,10,2023-11-12T01:09:53.000Z,https://universalis.app/market/5504
1613,Blunt Goblin Scimitar,Lune Marpierre,2898,1,2023-11-03T07:06:05.000Z,https://universalis.app/market/1613
1643,Mythril Broadsword,Razeluxe Zenalith,15000,1,2023-10-30T20:25:23.000Z,https://universalis.app/market/1643
5065,Mythril Ingot,Evyn Sebring,2002,20,2023-10-26T04:57:14.000Z,https://universalis.app/market/5065
5373,Oak Lumber,Darc Nighthowler,2998,3,2023-10-29T13:53:59.000Z,https://universalis.app/market/5373
1648,Vintage Viking Sword,Vayne Carudas,8000,1,2023-11-08T04:14:20.000Z,https://universalis.app/market/1648
11,Earth Crystal,Surly Panther,1000,50,2023-10-23T07:22:57.000Z,https://universalis.app/market/11
1616,Nicked Viking Sword,Alistaire Al'thor,30035,1,2023-10-26T03:12:09.000Z,https://universalis.app/market/1616
1649,Goblin Longsword,Eith Neir,19000,1,2023-10-29T22:03:05.000Z,https://universalis.app/market/1649
5262,Basilisk Whetstone,Dunban Elothira,3491,2,2023-10-23T04:33:37.000Z,https://universalis.app/market/5262
1650,Plumed Oak Macuahuitl,Hydro Xander,5000,1,2023-10-22T14:37:41.000Z,https://universalis.app/market/1650
5360,Wildfowl Feather,Bellatrix Moonchild,3000,2,2023-11-11T21:58:34.000Z,https://universalis.app/market/5360
1657,Cobalt Katzbalger,Y'zetta Rhul,9999,1,2023-10-31T04:57:38.000Z,https://universalis.app/market/1657
5059,Cobalt Ingot,Yunga Shannara,2500,10,2023-10-22T02:35:27.000Z,https://universalis.app/market/5059
5066,Electrum Ingot,Shiki Serene,21000,3,2023-10-28T03:39:35.000Z,https://universalis.app/market/5066
5282,Boar Leather,Mannapause Floe,5000,1,2023-11-11T15:42:00.000Z,https://universalis.app/market/5282
1659,Cobalt Shamshir,Adia Amaya,49999,1,2023-11-13T03:03:33.000Z,https://universalis.app/market/1659
5436,Aldgoat Horn,Nezuko Urokodaki,1000,4,2023-10-23T03:15:51.000Z,https://universalis.app/market/5436
1663,Cobalt Winglet,Willem Dafriend,49000,1,2023-10-22T17:40:32.000Z,https://universalis.app/market/1663
5374,Mahogany Lumber,L'azura Manyan,5000,17,2023-10-26T18:30:39.000Z,https://universalis.app/market/5374
5465,Sunrise Tellin,Rainz Bal'fyre,1000,49,2023-10-26T23:10:47.000Z,https://universalis.app/market/5465
5505,Horn Glue,Mirabella Mercer,9600,1,2023-11-18T04:16:16.000Z,https://universalis.app/market/5505
1666,Giantsgall Longsword,Eley Lalafeley,12749,1,2023-11-15T03:11:33.000Z,https://universalis.app/market/1666
18,Lightning Cluster,Amber Wood,250,500,2023-10-26T10:30:30.000Z,https://universalis.app/market/18
19,Water Cluster,Aziel Yotsune,460,250,2023-11-10T02:25:42.000Z,https://universalis.app/market/19
7579,Mossy Stone Sword,Niamh Irving,2000,1,2023-10-23T03:42:46.000Z,https://universalis.app/market/7579
7620,Diluted Vitriol,Estelle Bright,398,17,2023-11-05T20:54:31.000Z,https://universalis.app/market/7620
1670,Aeolian Scimitar,Alester Jeager,149473,1,2023-11-12T23:23:33.000Z,https://universalis.app/market/1670
1636,Blunt Aeolian Scimitar,Veneria Foreshadow,970,1,2023-10-25T04:28:24.000Z,https://universalis.app/market/1636
5061,Darksteel Nugget,Sunrise Lockhart,7000,1,2023-11-18T06:02:57.000Z,https://universalis.app/market/5061
1673,Mailbreaker,Nebben Eezerscrooge,900,1,2023-10-28T01:59:05.000Z,https://universalis.app/market/1673
14,Fire Cluster,Bruteal Rosaion,175,55,2023-10-25T01:45:18.000Z,https://universalis.app/market/14
17,Earth Cluster,Rui Lin,175,55,2023-11-05T20:50:39.000Z,https://universalis.app/market/17
5068,Rose Gold Nugget,Lucythebates Sr,5000,2,2023-10-22T11:21:57.000Z,https://universalis.app/market/5068
5288,Hippogryph Leather,Orion Wil'o,30000,1,2023-11-16T03:12:31.000Z,https://universalis.app/market/5288
5570,Mailbreaker Blade,Sera Yamagami,2200,1,2023-11-16T09:53:00.000Z,https://universalis.app/market/5570
1681,Bone Hora,Serena Relanah,18500,1,2023-11-18T01:42:20.000Z,https://universalis.app/market/1681
5318,Animal Sinew,Zephyr Ridel,200,2,2023-10-28T21:54:31.000Z,https://universalis.app/market/5318
1682,Leather Himantes,Mide Mizuki,6000,1,2023-11-11T20:30:41.000Z,https://universalis.app/market/1682
5324,Undyed Hempen Cloth,Azathiel Claywork,350,3,2023-10-30T15:12:04.000Z,https://universalis.app/market/5324
1683,Ramhorn Claws,Lydia Bailey,7990,1,2023-11-09T22:34:20.000Z,https://universalis.app/market/1683
1684,Bronze Knuckles,Scootaloo Dash,3000,1,2023-10-27T23:59:34.000Z,https://universalis.app/market/1684
1685,Hard Leather Himantes,Axton Dragonheart,99,1,2023-10-28T15:49:39.000Z,https://universalis.app/market/1685
1686,Brass Knuckles,Tiugh Athair,5014,1,2023-11-02T01:42:13.000Z,https://universalis.app/market/1686
1688,Goatskin Cesti,Nezuko Urokodaki,2000,1,2023-11-01T00:03:06.000Z,https://universalis.app/market/1688
5319,Beast Sinew,Nyx Severin,475,10,2023-10-29T22:02:46.000Z,https://universalis.app/market/5319
1694,Spiked Knuckles,Cordelia Windrunner,3673,1,2023-10-26T21:11:18.000Z,https://universalis.app/market/1694
5072,Iron Plate,Sei'gi King,900,2,2023-11-06T00:47:31.000Z,https://universalis.app/market/5072
1697,Toadskin Cesti,Tomoee Gozen,5500,1,2023-10-30T16:00:06.000Z,https://universalis.app/market/1697
5280,Toad Leather,Veles Arca,5000,10,2023-11-18T06:28:26.000Z,https://universalis.app/market/5280
5320,Diremite Sinew,Potato Plato,850,2,2023-11-17T17:01:46.000Z,https://universalis.app/market/5320
1699,Steel Claws,Wassia Willwander,45,1,2023-10-27T01:35:04.000Z,https://universalis.app/market/1699
5073,Steel Plate,Yuela Valikeer,1500,1,2023-10-23T09:04:20.000Z,https://universalis.app/market/5073
1706,Crabshell Hora,Flavius Stalks,49999,1,2023-10-23T03:01:03.000Z,https://universalis.app/market/1706
5321,Hippogryph Sinew,Nano Shima,500,1,2023-11-06T15:55:51.000Z,https://universalis.app/market/5321
5456,Green Megalocrab Shell,Tang Tang,501,1,2023-11-17T02:57:54.000Z,https://universalis.app/market/5456
1708,Boarskin Himantes,Hylaria Eldergleam,64500,1,2023-11-08T11:54:47.000Z,https://universalis.app/market/1708
5079,Mythril Plate,Remi Malqir,3000,1,2023-11-01T18:05:56.000Z,https://universalis.app/market/5079
1716,Tortoiseshell Hora,Old Spice,3999,1,2023-10-22T03:20:10.000Z,https://universalis.app/market/1716
5322,Raptor Sinew,Sa'ab Draken,400000,1,2023-11-06T06:58:52.000Z,https://universalis.app/market/5322
5458,Adamantoise Shell,Aramyth Temirath,11,8,2023-10-25T13:33:33.000Z,https://universalis.app/market/5458
1723,Cobalt Knuckles,Cezi Lotye,49999,1,2023-11-15T02:19:04.000Z,https://universalis.app/market/1723
1728,Peisteskin Cesti,Keygon Drakenguard,500,1,2023-10-26T00:25:08.000Z,https://universalis.app/market/1728
5284,Peiste Leather,Dazlark Rolynn,1700,1,2023-10-23T19:35:30.000Z,https://universalis.app/market/5284
1732,Vintage Hora,Cain Tennos,10110,1,2023-10-29T23:43:00.000Z,https://universalis.app/market/1732
1701,Chipped Hora,Averil Zenith,2490,1,2023-11-09T04:51:49.000Z,https://universalis.app/market/1701
5285,Raptor Leather,Valiant Asano,1690,2,2023-10-25T18:54:46.000Z,https://universalis.app/market/5285
1733,Cobalt Claws,Meyrin Hawk,15000,1,2023-10-27T00:29:28.000Z,https://universalis.app/market/1733
5074,Cobalt Plate,Sorsha Bavmorda,5000,2,2023-11-15T09:44:29.000Z,https://universalis.app/market/5074
1736,Giantsgall Claws,Jean Boltguard,4000,1,2023-10-29T18:04:01.000Z,https://universalis.app/market/1736
1740,Wildling's Cesti,Eji Urimet,73000,1,2023-10-26T08:28:08.000Z,https://universalis.app/market/1740
10,Wind Crystal,Niran Pragma,175,55,2023-10-26T21:42:45.000Z,https://universalis.app/market/10
5567,Bloody Cesti Covers,Didrianna Winterset,2000,1,2023-10-25T01:24:30.000Z,https://universalis.app/market/5567
1743,Avengers,Dessi Hyskaris,7164,1,2023-10-26T15:28:09.000Z,https://universalis.app/market/1743
5378,Spruce Lumber,Atsui Hono,5000,2,2023-11-18T05:34:36.000Z,https://universalis.app/market/5378
5571,Avenger Grips,Youspoony Bard,2720,1,2023-11-06T03:58:59.000Z,https://universalis.app/market/5571
1750,Bronze War Axe,Menel Hollowmoon,440000000,1,2023-10-29T03:58:20.000Z,https://universalis.app/market/1750
1751,Bronze Labrys,Niasa Aiyako,246,1,2023-10-26T23:08:24.000Z,https://universalis.app/market/1751
1752,Cloud Axe,Grimm Crynyx,200,1,2023-11-16T22:51:24.000Z,https://universalis.app/market/1752
1753,Spiked Bronze Labrys,Bash Spinner,4500,1,2023-10-22T07:02:29.000Z,https://universalis.app/market/1753
1754,Iron War Axe,Riku Agatsuma,7000,1,2023-11-17T01:50:46.000Z,https://universalis.app/market/1754
1756,Iron Labrys,Zephyr Ridel,350,1,2023-10-28T21:48:49.000Z,https://universalis.app/market/1756
1758,Inferno Axe,Pimoh'to Gascoigne,215,1,2023-10-29T03:45:58.000Z,https://universalis.app/market/1758
1764,Iron Bill,Yahara River,5000,1,2023-10-30T23:23:21.000Z,https://universalis.app/market/1764
4856,Clove Oil,Sei'gi King,3500,5,2023-11-05T23:54:23.000Z,https://universalis.app/market/4856
5368,Yew Lumber,Able Orga,4500,4,2023-11-10T14:08:45.000Z,https://universalis.app/market/5368
1766,Thunderstorm Axe,Maosera Yorha,3000,1,2023-11-08T06:11:28.000Z,https://universalis.app/market/1766
5064,Silver Ingot,Nageel Surte,4000,1,2023-10-22T19:48:04.000Z,https://universalis.app/market/5064
1769,Spiked Steel Labrys,Sofia Firebird,10000,1,2023-10-24T23:11:58.000Z,https://universalis.app/market/1769
1776,Steel Bardiche,Potato Plato,15000,1,2023-11-05T00:48:09.000Z,https://universalis.app/market/1776
5405,Yew Branch,Isa Yoruichi,499,99,2023-10-26T19:28:11.000Z,https://universalis.app/market/5405
1778,Steel Bhuj,Adia Amaya,39999,1,2023-11-12T23:12:26.000Z,https://universalis.app/market/1778
1781,Spiked Mythril Labrys,Sylvia Cooper,20000,1,2023-11-16T07:58:33.000Z,https://universalis.app/market/1781
1786,Mythril Bhuj,Groundskeeper Willy,20000,1,2023-11-06T15:30:07.000Z,https://universalis.app/market/1786
1796,Buccaneer's Bardiche,Cocoa Puffins,49000,1,2023-10-26T04:10:06.000Z,https://universalis.app/market/1796
5414,Rosewood Branch,Remi Malqir,1000,5,2023-10-22T04:43:14.000Z,https://universalis.app/market/5414
1801,Demilune Bhuj,Mel Milli,30000,1,2023-10-24T20:29:02.000Z,https://universalis.app/market/1801
5196,Jadeite,Kadenza Teufel,2222,2,2023-11-17T01:28:09.000Z,https://universalis.app/market/5196
1803,Spiked Cobalt Labrys,Meyrin Hawk,19999,1,2023-10-28T20:05:36.000Z,https://universalis.app/market/1803
5376,Rosewood Lumber,Shiloh Barbelith,3500,1,2023-10-27T15:28:54.000Z,https://universalis.app/market/5376
1806,Giantsgall War Axe,Ugandan Zeo,8164,1,2023-10-27T00:03:40.000Z,https://universalis.app/market/1806
7580,Mossy Stone Axe,Niamh Irving,800,2,2023-10-23T00:19:44.000Z,https://universalis.app/market/7580
1810,Barbarian's Bardiche,Mommy Dragonhorns,68999,1,2023-10-23T01:23:57.000Z,https://universalis.app/market/1810
5566,Bloody Bardiche Head,Isa Yoruichi,3016,1,2023-11-03T16:33:45.000Z,https://universalis.app/market/5566
1813,Rampager,Nebben Eezerscrooge,9000,1,2023-10-28T01:59:55.000Z,https://universalis.app/market/1813
5075,Darksteel Plate,Dark Sunshine,6000,4,2023-11-13T04:04:10.000Z,https://universalis.app/market/5075
5572,Rampager Head,Didrianna Winterset,1999,2,2023-11-02T01:25:55.000Z,https://universalis.app/market/5572
1820,Bone Harpoon,Snooze Time,2000,1,2023-11-06T22:37:26.000Z,https://universalis.app/market/1820
5503,Animal Glue,Jake'from Statefarm,399,2,2023-10-24T23:12:22.000Z,https://universalis.app/market/5503
1821,Bronze Spear,Sleezy Casteezy,3000,1,2023-10-22T16:50:51.000Z,https://universalis.app/market/1821
5482,Fish Oil,Azisare Tepet,801,5,2023-11-17T02:46:18.000Z,https://universalis.app/market/5482
1822,Ramhorn Harpoon,Genevieve Dubois,7000,1,2023-11-08T00:04:15.000Z,https://universalis.app/market/1822
1823,Feathered Harpoon,Zephyr Ridel,10000,1,2023-10-29T13:15:01.000Z,https://universalis.app/market/1823
5352,Crow Feather,Ouka Ootori,800,1,2023-10-27T15:05:42.000Z,https://universalis.app/market/5352
5433,Soiled Femur,Mephisto Baelfire,400,1,2023-11-12T18:49:48.000Z,https://universalis.app/market/5433
1824,Brass Spear,Cain Tennos,100,1,2023-10-28T20:31:06.000Z,https://universalis.app/market/1824
1825,Iron Spear,Shoko Ieiri,5012,1,2023-11-11T13:45:41.000Z,https://universalis.app/market/1825
1827,Iron Lance,Gator Nim,25000,1,2023-11-05T15:19:54.000Z,https://universalis.app/market/1827
1833,Iron Guisarme,Biggest Lalafell,5000,1,2023-10-23T16:15:58.000Z,https://universalis.app/market/1833
1836,Silver Battle Fork,Jijima Jima,6000,1,2023-10-23T01:23:58.000Z,https://universalis.app/market/1836
5484,Crab Oil,Gimme Headpats,2999,1,2023-10-31T00:28:50.000Z,https://universalis.app/market/5484
1838,Steel Halberd,Conc Blast,5000,1,2023-11-03T23:28:43.000Z,https://universalis.app/market/1838
1845,Steel Spear,Cain Tennos,10000,1,2023-11-01T00:15:52.000Z,https://universalis.app/market/1845
1847,Heavy Steel Lance,Strider Strix,15000,1,2023-11-09T02:50:33.000Z,https://universalis.app/market/1847
1850,Yarzonshell Harpoon,Beren Orome,10000,1,2023-11-11T13:52:34.000Z,https://universalis.app/market/1850
5454,Yellow Yarzon Leg,Chris Sharkbait,12,1,2023-11-02T14:12:46.000Z,https://universalis.app/market/5454
1855,Mythril Lance,Conc Blast,50000,1,2023-11-03T23:28:58.000Z,https://universalis.app/market/1855
1862,Cobalt Halberd,Tiugh Athair,49950,1,2023-11-14T18:11:06.000Z,https://universalis.app/market/1862
1867,Cobalt Trident,Luca Santiago,7000,1,2023-10-26T14:18:30.000Z,https://universalis.app/market/1867
5486,Shark Oil,Izayoi Hattori,4444,1,2023-11-09T01:43:38.000Z,https://universalis.app/market/5486
1871,Vintage Guisarme,Dazlark Rolynn,9999,1,2023-10-23T19:33:47.000Z,https://universalis.app/market/1871
9,Ice Crystal,Llityer Haneli,998,200,2023-11-11T20:08:34.000Z,https://universalis.app/market/9
1872,Hart Guisarme,Ouch M'face,30000,1,2023-10-22T21:41:13.000Z,https://universalis.app/market/1872
1875,Giantsgall Trident,Hobie Overheaven,8000,1,2023-10-30T22:35:18.000Z,https://universalis.app/market/1875
1879,Champion's Lance,No Rin,89097,1,2023-10-27T13:02:49.000Z,https://universalis.app/market/1879
5565,Bloody Lance Head,Ms Eldari,3016,1,2023-10-30T11:15:58.000Z,https://universalis.app/market/5565
1882,Obelisk,Sonya Roda,4499,1,2023-11-01T07:01:32.000Z,https://universalis.app/market/1882
5573,Obelisk Head,Sera Yamagami,2074,1,2023-11-16T09:52:19.000Z,https://universalis.app/market/5573
1891,Maple Shortbow,Thelast Dirtbender,6000,1,2023-10-22T19:28:23.000Z,https://universalis.app/market/1891
5333,Hempen Yarn,A'tsuko Rei,500,14,2023-11-14T02:47:44.000Z,https://universalis.app/market/5333
1892,Maple Longbow,Yulia Solay,3400,1,2023-10-22T20:37:46.000Z,https://universalis.app/market/1892
5396,Maple Branch,B'alih Tiartry,80000000,1,2023-10-29T05:48:53.000Z,https://universalis.app/market/5396
1893,Plumed Maple Shortbow,Maretia Deltrali,424,1,2023-11-11T21:02:35.000Z,https://universalis.app/market/1893
5351,Cock Feather,Kirbly Durbly,199,9,2023-10-30T05:48:29.000Z,https://universalis.app/market/5351
1894,Wrapped Maple Longbow,Gwell Moko,200,1,2023-10-22T15:16:18.000Z,https://universalis.app/market/1894
5402,Ash Branch,Yora Rofnhiru,480,7,2023-10-22T15:39:37.000Z,https://universalis.app/market/5402
1895,Ash Shortbow,Shoko Ieiri,10013,1,2023-11-11T13:36:22.000Z,https://universalis.app/market/1895
1897,Elm Longbow,Shiro Chan,14999,1,2023-10-23T22:27:34.000Z,https://universalis.app/market/1897
5334,Cotton Yarn,Nosam Yesma'am,299,1,2023-11-01T23:34:02.000Z,https://universalis.app/market/5334
1899,Elm Velocity Bow,Questra Djt-nong,20000,1,2023-10-23T14:41:24.000Z,https://universalis.app/market/1899
1905,Wrapped Elm Longbow,Weihan Jin,8000,1,2023-10-22T20:39:38.000Z,https://universalis.app/market/1905
1908,Ash Composite Bow,C'kuteh Waadla,6999,1,2023-11-12T18:57:13.000Z,https://universalis.app/market/1908
1915,Ash Cavalry Bow,Fialova Bobule,10000,1,2023-11-16T20:34:30.000Z,https://universalis.app/market/1915
5409,Oak Branch,Mykhala Whiteflame,700,10,2023-11-16T00:11:00.000Z,https://universalis.app/market/5409
1917,Oak Longbow,Diamond Bellamy,30000,1,2023-11-13T20:46:30.000Z,https://universalis.app/market/1917
5336,Linen Yarn,Lilian Kenesis,5000,10,2023-11-06T10:20:33.000Z,https://universalis.app/market/5336
1920,Mythril Cavalry Bow,Mephisto Baelfire,30000,1,2023-11-05T17:07:40.000Z,https://universalis.app/market/1920
1925,Oak Composite Bow,Gurann Natsu,54000,1,2023-10-22T11:26:16.000Z,https://universalis.app/market/1925
1932,Cobalt Cavalry Bow,Hummus Enjoyer,70000,1,2023-10-22T19:36:36.000Z,https://universalis.app/market/1932
1937,Yew Longbow,Drahlia Lancer,49999,1,2023-11-01T20:51:04.000Z,https://universalis.app/market/1937
1941,Vintage Bow,Maru' Maru',35000,1,2023-10-25T15:43:05.000Z,https://universalis.app/market/1941
1942,Crab Bow,Invitation Tohades,49999,1,2023-10-23T06:57:39.000Z,https://universalis.app/market/1942
5462,Red Coral,Ibram Fairclough,5000,2,2023-10-22T22:33:06.000Z,https://universalis.app/market/5462
1945,Giantsgall Longbow,Nebben Eezerscrooge,4964,1,2023-10-28T01:38:22.000Z,https://universalis.app/market/1945
1949,Longarm's Composite Bow,Nakia Uchiha,100000,1,2023-11-04T06:35:33.000Z,https://universalis.app/market/1949
5568,Bloody Bow Rim,Puck Caelum,2397,1,2023-10-27T03:57:57.000Z,https://universalis.app/market/5568
1953,Sarnga,Mia Lo,5162,1,2023-11-05T03:55:59.000Z,https://universalis.app/market/1953
15,Ice Cluster,Muffin Oftin,5000,1,2023-11-18T06:54:15.000Z,https://universalis.app/market/15
16,Wind Cluster,Dingle Nugget,299,101,2023-11-11T19:00:33.000Z,https://universalis.app/market/16
5574,Sarnga Limb,Sera Yamagami,2099,2,2023-11-16T09:52:33.000Z,https://universalis.app/market/5574
1958,Maple Wand,Khang Nguyen,10000,1,2023-10-23T12:41:58.000Z,https://universalis.app/market/1958
6,Lightning Shard,Renren Seavile,800,200,2023-11-07T19:01:25.000Z,https://universalis.app/market/6
7,Water Shard,Robin Dragon,175,55,2023-11-06T04:14:45.000Z,https://universalis.app/market/7
5470,Growth Formula Alpha,Pamilla Andromeda,1999,3,2023-11-10T04:40:01.000Z,https://universalis.app/market/5470
1959,Whispering Maple Wand,Havock Shiar,1005,1,2023-11-11T03:14:43.000Z,https://universalis.app/market/1959
1960,Budding Maple Wand,Booba Walf,3000,1,2023-10-28T21:11:36.000Z,https://universalis.app/market/1960
5492,Beastkin Blood,Ai Zgod,50,1,2023-10-28T09:57:53.000Z,https://universalis.app/market/5492
1961,Ash Wand,Nell Higgins,15000,1,2023-11-08T12:53:34.000Z,https://universalis.app/market/1961
5471,Growth Formula Beta,Yami Celes,3000,2,2023-10-25T05:22:52.000Z,https://universalis.app/market/5471
1963,Budding Ash Wand,Renas Ljanta,5000,1,2023-10-27T21:33:03.000Z,https://universalis.app/market/1963
1965,Whispering Ash Wand,Ishtar Anastasia,3499,1,2023-10-30T02:13:09.000Z,https://universalis.app/market/1965
5493,Scalekin Blood,Akuma Mir,2000,2,2023-11-05T00:16:58.000Z,https://universalis.app/market/5493
1967,Yew Wand,Anna Elpida,9500,1,2023-11-01T13:15:59.000Z,https://universalis.app/market/1967
1969,Budding Yew Wand,Ume Chorrynth,10000,1,2023-10-24T23:35:09.000Z,https://universalis.app/market/1969
1971,Budding Oak Wand,Oberon Yllavaris,30000,1,2023-10-23T06:50:03.000Z,https://universalis.app/market/1971
4603,Hi-Potion of Mind,Khang Nguyen,1000,3,2023-10-29T19:33:45.000Z,https://universalis.app/market/4603
1974,Wand of Frost,Keygon Drakenguard,37000,1,2023-10-30T03:45:26.000Z,https://universalis.app/market/1974
5199,Eye of Ice,Maki Supa,92,1,2023-10-28T20:15:12.000Z,https://universalis.app/market/5199
5472,Growth Formula Gamma,Khang Nguyen,15000,5,2023-10-29T19:35:29.000Z,https://universalis.app/market/5472
1976,Wand of Tremors,Hydro Xander,44000,1,2023-10-30T23:34:31.000Z,https://universalis.app/market/1976
5201,Eye of Earth,Akuma Mir,275,5,2023-10-22T22:08:48.000Z,https://universalis.app/market/5201
1978,Wand of Tides,Minight Yamato,30000,1,2023-10-26T23:09:45.000Z,https://universalis.app/market/1978
5203,Eye of Water,Azrael Starblaze,98,5,2023-11-12T04:53:14.000Z,https://universalis.app/market/5203
1981,Wand of Flames,Zero Windstalker,1000,1,2023-10-30T05:52:11.000Z,https://universalis.app/market/1981
5198,Eye of Fire,Aizileona Gethmara,798,2,2023-11-13T03:20:29.000Z,https://universalis.app/market/5198
5200,Eye of Wind,Story Scrivener,250,2,2023-10-25T17:17:48.000Z,https://universalis.app/market/5200
1985,Wand of Storms,L'nuray Liviana,1200,1,2023-10-23T03:06:00.000Z,https://universalis.app/market/1985
5202,Eye of Lightning,Talesh Nymphaea,100,1,2023-10-24T11:42:35.000Z,https://universalis.app/market/5202
1987,Budding Rosewood Wand,Meyrin Hawk,59999,1,2023-10-23T05:44:51.000Z,https://universalis.app/market/1987
4608,Mega-Potion of Mind,Eurydice Colette,10000,1,2023-10-25T02:31:28.000Z,https://universalis.app/market/4608
5494,Spoken Blood,Sophie Meadowbrook,3200,31,2023-11-18T00:58:44.000Z,https://universalis.app/market/5494
1996,Maple Cane,Ouka Ootori,4000,1,2023-11-11T00:35:33.000Z,https://universalis.app/market/1996
1997,Maple Crook,Mikha Magala,25000,1,2023-11-02T03:30:08.000Z,https://universalis.app/market/1997
1998,Ash Radical,Estelle Bright,999,1,2023-10-25T12:54:58.000Z,https://universalis.app/market/1998
2000,Elm Cane,Saiko Busujima,4000,1,2023-11-05T04:41:01.000Z,https://universalis.app/market/2000
2002,Elm Crook,Ai Zgod,219,1,2023-10-28T20:20:58.000Z,https://universalis.app/market/2002
2004,Yew Radical,Laffles Kett,10000,1,2023-10-24T01:22:28.000Z,https://universalis.app/market/2004
2010,Pastoral Yew Cane,Ai Zgod,500,1,2023-10-28T20:20:27.000Z,https://universalis.app/market/2010
2011,Yew Crook,Aisuru Tenshi,4000,1,2023-11-08T01:48:40.000Z,https://universalis.app/market/2011
2015,Walnut Cane,Cocoa Puffins,29999,1,2023-10-25T05:49:58.000Z,https://universalis.app/market/2015
2021,Plumed Yew Crook,Mykhala Whiteflame,3000,1,2023-11-12T20:19:48.000Z,https://universalis.app/market/2021
2023,Oak Radical,Oberon Yllavaris,20000,1,2023-11-01T02:34:05.000Z,https://universalis.app/market/2023
2026,Pastoral Oak Cane,Vanessa Stormwind,20000,1,2023-10-30T21:48:40.000Z,https://universalis.app/market/2026
2030,Sprouting Rosewood Radical,Alya Sarkaz,20000,1,2023-11-07T18:04:23.000Z,https://universalis.app/market/2030
2039,Jade Crook,Mikha Magala,39999,1,2023-11-05T06:04:27.000Z,https://universalis.app/market/2039
2041,Vintage Cane,Cevlic Blackrose,25000,1,2023-10-27T11:45:50.000Z,https://universalis.app/market/2041
2014,Splintered Cane,Swedish Fika,30000,1,2023-10-24T16:36:00.000Z,https://universalis.app/market/2014
2044,Pastoral Mahogany Cane,Lunaria Moonschild,8000,1,2023-10-23T18:51:49.000Z,https://universalis.app/market/2044
5335,Dew Thread,Shiki Serene,3200,2,2023-10-22T21:05:13.000Z,https://universalis.app/market/5335
2047,Tane Mahuta,Haru Takayama,23000,1,2023-11-12T22:58:26.000Z,https://universalis.app/market/2047
5555,Ochu Vine,Elyse Heilende,5000,5,2023-10-27T04:19:29.000Z,https://universalis.app/market/5555
2048,Giantsgall Cane,Norton Campbell,2975,1,2023-11-02T20:11:11.000Z,https://universalis.app/market/2048
2049,Madman's Whispering Rod,Aisling Greytide,95000,1,2023-10-25T00:33:31.000Z,https://universalis.app/market/2049
12,Lightning Crystal,Clif Ardu,175,55,2023-10-29T11:52:43.000Z,https://universalis.app/market/12
13,Water Crystal,Llityer Haneli,175,55,2023-11-11T20:10:09.000Z,https://universalis.app/market/13
5473,Growth Formula Delta,Folly Crown,3995,2,2023-11-08T02:07:30.000Z,https://universalis.app/market/5473
5537,Thavnairian Mistletoe,Shin Silverspark,248,4,2023-11-03T07:27:07.000Z,https://universalis.app/market/5537
5547,Vampire Plant,Amethyst Dreamer,879,7,2023-11-05T17:14:56.000Z,https://universalis.app/market/5547
2051,Alkalurops,Hiraeth Verne,2763,1,2023-11-02T03:40:56.000Z,https://universalis.app/market/2051
5575,Suspended Trillium Flower,Yuyami Mori,2385,2,2023-11-13T08:07:05.000Z,https://universalis.app/market/5575
2056,Bone Brand,Catnip Lacroix,8000,1,2023-11-06T22:39:26.000Z,https://universalis.app/market/2056
5197,Marbled Eye,Jazmine Sweet,500,1,2023-11-15T02:43:32.000Z,https://universalis.app/market/5197
2057,Copper Scepter,Kohaku Kurohana,2000,1,2023-11-09T21:37:36.000Z,https://universalis.app/market/2057
5062,Copper Ingot,Vivian Vacuus,150,1,2023-11-04T18:51:27.000Z,https://universalis.app/market/5062
2058,Bronze Scepter,Kohaku Kurohana,2499,1,2023-11-10T20:35:32.000Z,https://universalis.app/market/2058
2059,Brass Cudgel,Shiro Chan,199,1,2023-10-23T22:29:47.000Z,https://universalis.app/market/2059
2061,Decorated Copper Scepter,Venger Spinebreaker,8000,1,2023-10-27T23:28:52.000Z,https://universalis.app/market/2061
5258,Ragstone Whetstone,Kasumi Sukehiro,5000,1,2023-11-13T18:07:56.000Z,https://universalis.app/market/5258
2063,Wind Brand,Nell Higgins,15000,1,2023-11-05T15:32:33.000Z,https://universalis.app/market/2063
2066,Ice Brand,Yum Cookies,2024,1,2023-11-13T14:20:21.000Z,https://universalis.app/market/2066
2069,Silver Scepter,Itaka Lua,25,1,2023-11-05T14:47:01.000Z,https://universalis.app/market/2069
5527,Brimstone,Beer Pup,1200,14,2023-10-23T06:47:37.000Z,https://universalis.app/market/5527
2071,Earth Brand,Benge Calamity,30000,1,2023-11-15T05:20:48.000Z,https://universalis.app/market/2071
2076,Decorated Silver Scepter,Itaka Lua,1000,1,2023-11-06T13:58:52.000Z,https://universalis.app/market/2076
2078,Fire Brand,Phaeta Tellulose,20000,1,2023-10-22T20:52:17.000Z,https://universalis.app/market/2078
2083,Lightning Brand,Zaphyria Lantosi,9999,1,2023-10-29T16:39:21.000Z,https://universalis.app/market/2083
5489,Quicksilver,Tate Tate,799,2,2023-11-05T13:27:24.000Z,https://universalis.app/market/5489
2093,Vintage Cudgel,Azathiel Claywork,10000,1,2023-11-04T02:41:23.000Z,https://universalis.app/market/2093
5092,Iron Rivets,Vivian Lily,4000,1,2023-10-28T13:36:57.000Z,https://universalis.app/market/5092
2094,Water Brand,Arinasai Rokuyari,7007,1,2023-10-26T15:32:26.000Z,https://universalis.app/market/2094
2097,Jade Scepter,Itaka Lua,6000,1,2023-11-08T09:24:55.000Z,https://universalis.app/market/2097
5168,Jade,Mephisto Baelfire,300,3,2023-11-10T23:11:29.000Z,https://universalis.app/market/5168
5439,Ogre Horn,Delru Gerrik,28,1,2023-11-09T09:00:14.000Z,https://universalis.app/market/5439
2102,Sanguine Scepter,Maighdinn Uisge,89975,1,2023-10-24T23:53:08.000Z,https://universalis.app/market/2102
5206,Pinprick Pebble,Daia Nafaru,500,1,2023-11-13T06:23:38.000Z,https://universalis.app/market/5206
2106,Bone Staff,Sabyne Tage,3400,1,2023-10-29T16:56:25.000Z,https://universalis.app/market/2106
2107,Ramhorn Staff,Caleina Hidashi,10000,1,2023-11-11T22:14:14.000Z,https://universalis.app/market/2107
5442,Bat Fang,Yuber Grimgeir,1000,3,2023-10-24T18:19:55.000Z,https://universalis.app/market/5442
2109,Toothed Ramhorn Staff,Estelle Bright,3000,1,2023-11-09T02:42:23.000Z,https://universalis.app/market/2109
2111,Staghorn Staff,Fox Warbird,20000,1,2023-10-27T01:02:31.000Z,https://universalis.app/market/2111
2116,Sanguine Horn Staff,Zaphyria Lantosi,100,1,2023-10-25T23:36:06.000Z,https://universalis.app/market/2116
2118,Toothed Staghorn Staff,Nell Higgins,5000,1,2023-11-08T12:52:49.000Z,https://universalis.app/market/2118
2121,Goathorn Staff,Brianna Soltera,10000,1,2023-10-29T02:30:00.000Z,https://universalis.app/market/2121
2123,Toothed Goathorn Staff,Pella Peach,64999,1,2023-10-23T00:45:52.000Z,https://universalis.app/market/2123
2125,Horn Staff,Nova Astrophel,39999,1,2023-11-05T07:59:57.000Z,https://universalis.app/market/2125
2130,Black Horn Staff,Tenshi Itik,8299,1,2023-10-27T04:33:00.000Z,https://universalis.app/market/2130
2133,Ivory Staff,Ouka Ootori,39999,1,2023-11-18T03:01:44.000Z,https://universalis.app/market/2133
2136,Giantsgall Longstaff,Sulia Beaugard,7500,1,2023-11-01T02:23:34.000Z,https://universalis.app/market/2136
7584,Mossy Stone Staff,Niamh Irving,1000,1,2023-10-23T03:38:23.000Z,https://universalis.app/market/7584
2139,Astrolabe,Khisanth Teralind,7999,1,2023-10-23T16:13:13.000Z,https://universalis.app/market/2139
5576,Astrolabe Clinometer,Didrianna Winterset,2050,2,2023-11-02T01:26:41.000Z,https://universalis.app/market/5576
2143,Leather Grimoire,Slamwise Bamgee,18000,1,2023-11-06T23:28:42.000Z,https://universalis.app/market/2143
5380,Maple Log,Bruteal Rosaion,150,86,2023-10-25T02:47:07.000Z,https://universalis.app/market/5380
5475,Enchanted Copper Ink,Mide Mizuki,480,1,2023-11-12T01:35:34.000Z,https://universalis.app/market/5475
2144,Maple Picatrix,Mikha Magala,4999,1,2023-11-12T22:56:39.000Z,https://universalis.app/market/2144
2145,Engraved Leather Grimoire,Nell Higgins,3333,1,2023-11-04T17:53:12.000Z,https://universalis.app/market/2145
5383,Ash Log,Estelle Bright,493,8,2023-10-22T21:22:45.000Z,https://universalis.app/market/5383
2146,Ash Picatrix,Aerouant Pendragon,5000,1,2023-10-30T12:52:39.000Z,https://universalis.app/market/2146
2147,Hard Leather Grimoire,Saint Keonit,10000,1,2023-10-27T19:28:57.000Z,https://universalis.app/market/2147
5385,Elm Log,Talisra Moonclaw,400,3,2023-11-14T16:39:48.000Z,https://universalis.app/market/5385
5476,Enchanted Iron Ink,Reinhart Eisdrachen,599,1,2023-10-27T10:55:36.000Z,https://universalis.app/market/5476
2149,Engraved Hard Leather Grimoire,Faul'st Helio,9999,1,2023-10-22T15:13:02.000Z,https://universalis.app/market/2149
5386,Yew Log,Talisra Moonclaw,500,1,2023-11-14T16:39:37.000Z,https://universalis.app/market/5386
2151,Yew Picatrix,Iremia Vorpel,12000,1,2023-10-22T13:08:52.000Z,https://universalis.app/market/2151
2156,Goatskin Grimoire,Hydro Xander,15000,1,2023-10-25T00:31:01.000Z,https://universalis.app/market/2156
5477,Enchanted Silver Ink,Nathan Lexington,8000,14,2023-10-24T22:45:38.000Z,https://universalis.app/market/5477
2160,Engraved Goatskin Grimoire,Khang Nguyen,20000,1,2023-10-29T19:27:19.000Z,https://universalis.app/market/2160
5388,Walnut Log,Miah Molkoh,500,5,2023-10-27T23:22:37.000Z,https://universalis.app/market/5388
2166,Book of Silver,Beer Pup,20000,1,2023-11-01T06:46:43.000Z,https://universalis.app/market/2166
5390,Oak Log,Nyx Severin,483,23,2023-11-08T22:23:14.000Z,https://universalis.app/market/5390
2169,Embossed Book of Silver,Beer Pup,65000,1,2023-11-06T02:56:39.000Z,https://universalis.app/market/2169
2174,Book of Mythril,Ume Chorrynth,22000,1,2023-10-28T23:57:08.000Z,https://universalis.app/market/2174
5346,Flax,Coal Steel,400,4,2023-10-26T01:36:22.000Z,https://universalis.app/market/5346
5478,Enchanted Mythril Ink,Chris Sharkbait,440,1,2023-11-18T03:48:11.000Z,https://universalis.app/market/5478
2184,Vintage Picatrix,Pinkus Kinkus,30050,1,2023-10-27T20:59:02.000Z,https://universalis.app/market/2184
2158,Brittle Picatrix,Chiull Malqir,9998,1,2023-11-09T17:05:55.000Z,https://universalis.app/market/2158
2185,Book of Electrum,Amaya Iriq,30099,1,2023-11-13T01:09:07.000Z,https://universalis.app/market/2185
5337,Woolen Yarn,Kassandra Kobayashi,10002,2,2023-11-01T04:31:10.000Z,https://universalis.app/market/5337
5393,Rosewood Log,Sunrise Lockhart,700,20,2023-11-17T07:32:28.000Z,https://universalis.app/market/5393
5479,Enchanted Electrum Ink,J'aminae Raja,100,2,2023-10-26T02:43:17.000Z,https://universalis.app/market/5479
2189,Embossed Book of Electrum,Lost Energydrink,30000,1,2023-10-27T03:49:33.000Z,https://universalis.app/market/2189
2193,Cantamina Thavnaria,Nebben Eezerscrooge,6000,1,2023-10-28T01:41:16.000Z,https://universalis.app/market/2193
5481,Enchanted Rose Gold Ink,Thorn Pathwalker,10000,4,2023-11-09T17:54:07.000Z,https://universalis.app/market/5481
2194,Medica Thavnaria,Rikku Bigdong,3165,1,2023-10-29T20:45:57.000Z,https://universalis.app/market/2194
2201,Erudite's Picatrix of Healing,Lileoga Lileiga,26729,1,2023-10-23T01:33:48.000Z,https://universalis.app/market/2201
5480,Enchanted Gold Ink,Rheina Cha,9000,1,2023-11-07T01:46:03.000Z,https://universalis.app/market/5480
5569,Bloody Grimoire Binding,Tabius Korinthos,3998,1,2023-11-03T20:35:24.000Z,https://universalis.app/market/5569
2202,Erudite's Picatrix of Casting,Corvus Rex,42999,1,2023-10-28T17:17:09.000Z,https://universalis.app/market/2202
2211,Deus Ex Verbis,Nebben Eezerscrooge,1500,1,2023-10-28T01:41:24.000Z,https://universalis.app/market/2211
5338,Silk Thread,Limothi Frostwyght,2500,1,2023-10-30T02:44:51.000Z,https://universalis.app/market/5338
2212,Deus Ex Gratia,Nebben Eezerscrooge,1995,1,2023-10-28T01:43:55.000Z,https://universalis.app/market/2212
2219,Square Maple Shield,Clown Chan,128200000,1,2023-11-05T23:45:52.000Z,https://universalis.app/market/2219
5091,Bronze Rivets,Peach Shake,295,99,2023-11-14T21:16:34.000Z,https://universalis.app/market/5091
12524,Titanium Nugget,Ayolan Whiteflame,3000,4,2023-11-18T19:33:45.000Z,https://universalis.app/market/12524
12529,Titanium Rivets,Azazel Ischus,10000,3,2023-11-16T03:01:48.000Z,https://universalis.app/market/12529
12658,Dusk Leather,Jodhi Greywyr,390000,1,2023-10-29T03:03:12.000Z,https://universalis.app/market/12658
2226,Bronze Hoplon,Leucion Cross,20003,1,2023-11-03T20:36:03.000Z,https://universalis.app/market/2226
5071,Bronze Plate,Tempest Celest,1000,2,2023-11-15T03:00:21.000Z,https://universalis.app/market/5071
2228,Round Shield,Chika Hakari,10000000,1,2023-11-09T02:03:36.000Z,https://universalis.app/market/2228
2229,Leather Targe,Potato Plato,199,1,2023-10-23T04:57:34.000Z,https://universalis.app/market/2229
2230,Bronze Scutum,Zephyr Ridel,7104,1,2023-10-30T21:29:07.000Z,https://universalis.app/market/2230
2231,Bronze Buckler,Momoka Sayuri,1005,1,2023-11-07T04:42:00.000Z,https://universalis.app/market/2231
2233,Square Ash Shield,Estelle Bright,1007,1,2023-11-05T19:33:46.000Z,https://universalis.app/market/2233
2236,Iron Hoplon,Mikha Magala,30000,1,2023-11-08T20:08:44.000Z,https://universalis.app/market/2236
2238,Vintage Square Shield,Gator Nim,30000,1,2023-11-05T19:55:05.000Z,https://universalis.app/market/2238
4859,Cider Vinegar,Katerina Mirakova,80,2,2023-10-22T19:59:42.000Z,https://universalis.app/market/4859
2241,Iron Lantern Shield,Ice Dragon,9000,1,2023-10-24T16:32:57.000Z,https://universalis.app/market/2241
5998,Tallow Candle,Anya Lockhart,2000,1,2023-10-22T01:05:56.000Z,https://universalis.app/market/5998
2242,Iron Scutum,Morinaga Bairon,5000,1,2023-10-24T00:12:02.000Z,https://universalis.app/market/2242
2246,Viper-crested Round Shield,Moighty Fine,3000,1,2023-10-23T20:42:25.000Z,https://universalis.app/market/2246
2248,Iron Kite Shield,Mephisto Baelfire,25000,1,2023-11-05T17:08:36.000Z,https://universalis.app/market/2248
2250,Goatskin Targe,Sole Vesper,6666,1,2023-11-06T01:19:09.000Z,https://universalis.app/market/2250
5093,Steel Rivets,Auhs Les,9000,3,2023-10-27T15:48:53.000Z,https://universalis.app/market/5093
2257,Bull Hoplon,Ice Dragon,5000,1,2023-10-24T16:53:45.000Z,https://universalis.app/market/2257
2260,Decorated Buckler,Reis Leone,4999,1,2023-10-22T08:48:16.000Z,https://universalis.app/market/2260
2262,Decorated Iron Scutum,Drogo Barriot,15000,1,2023-10-26T19:55:28.000Z,https://universalis.app/market/2262
2268,Bladed Lantern Shield,Questra Djt-nong,9999,1,2023-10-30T22:52:50.000Z,https://universalis.app/market/2268
2270,Raptorskin Targe,Swedish Fika,39999,1,2023-10-25T21:27:32.000Z,https://universalis.app/market/2270
5099,Mythril Rivets,Primula Heart,8800,1,2023-11-10T11:12:32.000Z,https://universalis.app/market/5099
2278,Vintage Scutum,Selphast Sesharial,14000,1,2023-10-28T01:59:22.000Z,https://universalis.app/market/2278
2279,Cobalt Scutum,Lumine Yscence,16950,1,2023-10-28T02:40:26.000Z,https://universalis.app/market/2279
5094,Cobalt Rivets,Elhadrim Shepard,5979,7,2023-11-08T01:15:31.000Z,https://universalis.app/market/5094
2287,Eagle-crested Round Shield,L'nuray Liviana,20000,1,2023-10-23T03:06:33.000Z,https://universalis.app/market/2287
2289,Vintage Round Shield,Kaia Evenstar,745,1,2023-10-30T02:16:49.000Z,https://universalis.app/market/2289
5228,Ragstone,Ms Eldari,500,10,2023-11-13T23:08:53.000Z,https://universalis.app/market/5228
5517,Lanolin,Yuki Tomeru,950,1,2023-10-23T14:37:59.000Z,https://universalis.app/market/5517
2296,Cobalt Bladed Lantern Shield,V' V',22000,1,2023-10-22T21:00:53.000Z,https://universalis.app/market/2296
2298,Oxblood Targe,Blast'a Masta,35000,1,2023-10-24T16:43:49.000Z,https://universalis.app/market/2298
2300,Vintage Kite Shield,Nahri Kinara,15000,1,2023-11-13T01:49:41.000Z,https://universalis.app/market/2300
2259,Scarred Kite Shield,X'rhiz Xx,2000,1,2023-10-24T16:47:42.000Z,https://universalis.app/market/2259
2302,Darksteel Scutum,Minxie Kha,7000,1,2023-10-29T06:33:50.000Z,https://universalis.app/market/2302
5060,Darksteel Ingot,Zara Lillith,11111,2,2023-10-26T00:59:50.000Z,https://universalis.app/market/5060
5095,Darksteel Rivets,Sumgal Arulaq,5000,99,2023-11-05T05:37:58.000Z,https://universalis.app/market/5095
2303,Darksteel Buckler,Nihilun Vale,2100,1,2023-11-02T01:33:53.000Z,https://universalis.app/market/2303
2304,Spruce Round Shield,Kaia Evenstar,2022,1,2023-10-30T02:16:17.000Z,https://universalis.app/market/2304
5379,Treated Spruce Lumber,Lucia Nanami,23888,2,2023-11-13T01:23:12.000Z,https://universalis.app/market/5379
2315,Bronze Saw,Zephyr Ridel,5000,1,2023-10-29T04:07:48.000Z,https://universalis.app/market/2315
2316,Amateur's Saw,Ryukuzo Wintersoul,5000,1,2023-11-08T01:57:25.000Z,https://universalis.app/market/2316
2317,Chocobotail Saw,Dampier Stoneheart,10000,1,2023-11-11T14:49:30.000Z,https://universalis.app/market/2317
2318,Initiate's Saw,Bror E'alis,8999,1,2023-11-06T05:11:20.000Z,https://universalis.app/market/2318
2319,Bas-relief Iron Saw,Arthur Sullivan,6000,1,2023-11-12T15:02:31.000Z,https://universalis.app/market/2319
2320,Iron Chocobotail Saw,Chiull Malqir,7000,1,2023-11-08T10:28:46.000Z,https://universalis.app/market/2320
2321,Bas-relief Steel Saw,Mikha Magala,9999,1,2023-11-03T06:03:54.000Z,https://universalis.app/market/2321
2322,Crosscut Saw,D'usian M'dina,3900,1,2023-10-23T16:02:23.000Z,https://universalis.app/market/2322
2323,Mythril Saw,Cocoa Puffins,50000,1,2023-10-25T02:31:08.000Z,https://universalis.app/market/2323
2324,Mythril Chocobotail Saw,Sole Vesper,5000,1,2023-11-01T01:46:04.000Z,https://universalis.app/market/2324
2325,Bas-relief Cobalt Saw,Divinix Windstar,125000,1,2023-11-17T05:06:58.000Z,https://universalis.app/market/2325
2328,Amateur's Claw Hammer,Duo Maxwell,1900,1,2023-10-26T15:43:47.000Z,https://universalis.app/market/2328
2329,Bronze Claw Hammer,Ryukuzo Wintersoul,190,1,2023-11-08T01:57:27.000Z,https://universalis.app/market/2329
2331,Iron Claw Hammer,Ashelia Lockheart,15000,1,2023-11-12T01:57:29.000Z,https://universalis.app/market/2331
5483,Jellyfish Humours,Autumn Dawn,800,7,2023-11-11T23:34:18.000Z,https://universalis.app/market/5483
2332,Initiate's Claw Hammer,Mikha Magala,3000,1,2023-11-03T05:49:40.000Z,https://universalis.app/market/2332
2334,Steel Claw Hammer,Beer Pup,10000,1,2023-11-06T20:29:10.000Z,https://universalis.app/market/2334
2335,Wrapped Steel Claw Hammer,Cocoa Puffins,30000,1,2023-10-25T02:30:56.000Z,https://universalis.app/market/2335
5485,Linseed Oil,Velvet Gusion,3500,1,2023-10-25T01:36:05.000Z,https://universalis.app/market/5485
2337,Mythril Claw Hammer,Puren Highguard,4999,1,2023-11-11T20:15:44.000Z,https://universalis.app/market/2337
2338,Cobalt Claw Hammer,Snugglypuff Puff,30000,1,2023-10-25T06:24:20.000Z,https://universalis.app/market/2338
2339,Militia Claw Hammer,Heavenly Blue,50000,1,2023-11-10T17:45:47.000Z,https://universalis.app/market/2339
2341,Bronze Cross-pein Hammer,Racketeering Toddler,1500,1,2023-11-01T19:27:05.000Z,https://universalis.app/market/2341
2342,Amateur's Cross-pein Hammer,Mephisto Baelfire,3000,1,2023-10-27T01:26:54.000Z,https://universalis.app/market/2342
2343,Birdsbeak Hammer,Sophia Z'ee,1000,1,2023-11-03T19:52:10.000Z,https://universalis.app/market/2343
5325,Undyed Cotton Cloth,Nox Luna,1400,1,2023-11-13T22:21:52.000Z,https://universalis.app/market/5325
2344,Iron Cross-pein Hammer,Samuel Poe,5000,1,2023-10-25T06:52:43.000Z,https://universalis.app/market/2344
2345,Initiate's Cross-pein Hammer,Neko Femc,3000,1,2023-11-10T06:55:13.000Z,https://universalis.app/market/2345
2346,Crowsbeak Hammer,Questra Djt-nong,20995,1,2023-10-25T13:57:49.000Z,https://universalis.app/market/2346
2347,Heavy Crowsbeak Hammer,Sylvia Cooper,500,1,2023-11-16T08:01:48.000Z,https://universalis.app/market/2347
2348,Steel Cross-pein Hammer,Mimi Martini,9500,1,2023-11-04T21:12:39.000Z,https://universalis.app/market/2348
5326,Undyed Velveteen,Kazarien Zerick,5000,5,2023-10-31T04:00:44.000Z,https://universalis.app/market/5326
2349,Steel Crowsbeak Hammer,Chiull Malqir,27995,1,2023-11-13T22:10:58.000Z,https://universalis.app/market/2349
2350,Wrapped Crowsbeak Hammer,Kinji Hakari,39999,1,2023-11-12T17:48:15.000Z,https://universalis.app/market/2350
2351,Cobalt Cross-pein Hammer,Beefgael Slaveknight,15000,1,2023-11-13T01:54:20.000Z,https://universalis.app/market/2351
2352,Wrapped Hawksbeak Hammer,Cocoa Puffins,125000,1,2023-10-26T17:55:32.000Z,https://universalis.app/market/2352
2355,Amateur's File,Takemikazuchi Ak,2000,1,2023-11-03T21:55:59.000Z,https://universalis.app/market/2355
2358,Iron File,Arthur Sullivan,25000,1,2023-11-12T14:46:44.000Z,https://universalis.app/market/2358
2359,Initiate's File,Estelle Bright,9599,1,2023-11-12T14:29:04.000Z,https://universalis.app/market/2359
2361,Steel File,Nakia Uchiha,7500,1,2023-11-04T08:12:41.000Z,https://universalis.app/market/2361
2363,Mythril File,Conc Blast,31750,1,2023-11-04T03:12:20.000Z,https://universalis.app/market/2363
2364,Cobalt File,Ume Chorrynth,40000,1,2023-10-24T23:34:00.000Z,https://universalis.app/market/2364
2365,Militia File,Cocoa Puffins,39000,1,2023-10-26T17:55:04.000Z,https://universalis.app/market/2365
2367,Bronze Doming Hammer,Ai Zgod,500,1,2023-10-28T20:40:16.000Z,https://universalis.app/market/2367
2368,Amateur's Doming Hammer,Ai Zgod,300,1,2023-10-28T20:40:56.000Z,https://universalis.app/market/2368
2369,Bronze Raising Hammer,Lobster Salad,480,1,2023-10-25T19:01:11.000Z,https://universalis.app/market/2369
2370,Iron Doming Hammer,Sophia Z'ee,4999,1,2023-11-03T19:52:38.000Z,https://universalis.app/market/2370
2371,Initiate's Doming Hammer,Arthur Sullivan,9500,1,2023-11-12T12:05:42.000Z,https://universalis.app/market/2371
2372,Iron Raising Hammer,Tera Shell,18995,1,2023-10-28T23:41:43.000Z,https://universalis.app/market/2372
2373,Wrapped Iron Raising Hammer,Kirbly Durbly,601,1,2023-11-03T11:29:39.000Z,https://universalis.app/market/2373
2374,Steel Doming Hammer,Princess Princess,15000,1,2023-11-01T18:12:24.000Z,https://universalis.app/market/2374
2376,Cobalt Doming Hammer,Beefgael Slaveknight,10000,1,2023-11-13T01:52:47.000Z,https://universalis.app/market/2376
2377,Cobalt Raising Hammer,Ume Chorrynth,125000,1,2023-10-26T23:40:41.000Z,https://universalis.app/market/2377
2380,Amateur's Pliers,Mide Mizuki,2000,1,2023-11-09T20:14:28.000Z,https://universalis.app/market/2380
2381,Bronze Pliers,Ai Zgod,250,1,2023-10-28T20:40:30.000Z,https://universalis.app/market/2381
2383,Iron Pliers,Suki Song,20000,1,2023-11-07T08:43:09.000Z,https://universalis.app/market/2383
2384,Initiate's Pliers,Runei Crystal,3800,1,2023-10-22T18:18:55.000Z,https://universalis.app/market/2384
2386,Steel Pliers,Questra Djt-nong,20000,1,2023-10-30T22:52:44.000Z,https://universalis.app/market/2386
2388,Mythril Pliers,Amati Amour,45000,1,2023-11-08T18:58:46.000Z,https://universalis.app/market/2388
2389,Cobalt Pliers,K'yallwa Zyrel,26000,1,2023-10-28T08:04:07.000Z,https://universalis.app/market/2389
2390,Militia Pliers,Alice Vibing,42999,1,2023-10-23T20:43:10.000Z,https://universalis.app/market/2390
2392,Bronze Chaser Hammer,Nezuko Urokodaki,5000,1,2023-10-30T23:14:38.000Z,https://universalis.app/market/2392
2393,Amateur's Chaser Hammer,Map Lock,3979,1,2023-11-11T22:17:04.000Z,https://universalis.app/market/2393
2394,Bronze Ornamental Hammer,Sunshine Parfait,999,1,2023-11-16T20:59:39.000Z,https://universalis.app/market/2394
2395,Iron Chaser Hammer,Arthur Sullivan,20000,1,2023-11-12T13:15:29.000Z,https://universalis.app/market/2395
2396,Initiate's Chaser Hammer,Lemon Squeezie,19990,1,2023-10-26T02:26:35.000Z,https://universalis.app/market/2396
2397,Iron Ornamental Hammer,Sally Sweetcakes,10000,1,2023-11-05T16:04:52.000Z,https://universalis.app/market/2397
2398,Steel Chaser Hammer,Chiull Malqir,5000,1,2023-11-09T17:15:20.000Z,https://universalis.app/market/2398
2399,Steel Ornamental Hammer,Nox Luna,10000,1,2023-11-12T02:52:45.000Z,https://universalis.app/market/2399
2400,Mythril Ornamental Hammer,Oberon Yllavaris,60074,1,2023-11-02T21:18:08.000Z,https://universalis.app/market/2400
2401,Mythril Lapidary Hammer,Jaylean Hartford,10000,1,2023-11-06T06:21:34.000Z,https://universalis.app/market/2401
2402,Electrum Lapidary Hammer,Meyrin Hawk,125000,1,2023-10-26T03:18:29.000Z,https://universalis.app/market/2402
5183,Tourmaline,Vinna Vim,900,2,2023-11-02T21:23:55.000Z,https://universalis.app/market/5183
2405,Amateur's Grinding Wheel,Ai Zgod,100,1,2023-10-28T20:43:02.000Z,https://universalis.app/market/2405
2406,Ragstone Grinding Wheel,Scootaloo Dash,3000,1,2023-10-27T00:39:49.000Z,https://universalis.app/market/2406
2408,Mudstone Grinding Wheel,Beer Pup,16000,1,2023-11-10T22:01:56.000Z,https://universalis.app/market/2408
5229,Mudstone,Aelric Gunnar,500,6,2023-11-05T11:57:59.000Z,https://universalis.app/market/5229
2409,Initiate's Grinding Wheel,Ouka Ootori,5000,1,2023-10-25T14:22:30.000Z,https://universalis.app/market/2409
2411,Siltstone Grinding Wheel,Oberon Yllavaris,21700,1,2023-10-27T00:03:26.000Z,https://universalis.app/market/2411
5231,Siltstone,Nadia Altera,500,22,2023-10-31T16:19:12.000Z,https://universalis.app/market/5231
2413,Garnet Grinding Wheel,Tiugh Athair,42000,1,2023-11-13T04:46:06.000Z,https://universalis.app/market/2413
5134,Raw Garnet,Torp Senpai,500,2,2023-11-06T22:47:19.000Z,https://universalis.app/market/5134
2414,Basilisk Grinding Wheel,Coleman Qedashin,30000,1,2023-11-17T01:17:15.000Z,https://universalis.app/market/2414
5263,Basilisk Egg,Yui Kurokawa,1500,2,2023-10-27T19:00:17.000Z,https://universalis.app/market/5263
2415,Militia Grinding Wheel,Redd Scea,20118,1,2023-10-22T01:49:43.000Z,https://universalis.app/market/2415
5158,Astral Rock,Anastasia Bloodletter,5400,8,2023-11-05T04:45:51.000Z,https://universalis.app/market/5158
2417,Bronze Head Knife,A' Crow,3009,1,2023-10-29T00:56:53.000Z,https://universalis.app/market/2417
2418,Amateur's Head Knife,Tiugh Athair,9009,1,2023-11-01T02:46:14.000Z,https://universalis.app/market/2418
2419,Brass Head Knife,Ai Zgod,10,1,2023-10-28T20:49:11.000Z,https://universalis.app/market/2419
2420,Initiate's Head Knife,Map Lock,15000,1,2023-11-11T22:17:15.000Z,https://universalis.app/market/2420
2421,Iron Round Knife,Kirbly Durbly,5000,1,2023-11-03T11:30:00.000Z,https://universalis.app/market/2421
2423,Silver Head Knife,Dinah Mirtheart,10053,1,2023-11-06T21:59:16.000Z,https://universalis.app/market/2423
2424,Steel Round Knife,Neko Femc,875,1,2023-10-27T22:02:33.000Z,https://universalis.app/market/2424
2425,Mythril Head Knife,Beza Bez,16969,1,2023-10-23T23:41:44.000Z,https://universalis.app/market/2425
2426,Mythril Round Knife,Neko Femc,3083,1,2023-10-27T22:49:55.000Z,https://universalis.app/market/2426
2427,Electrum Head Knife,Baby Goat,120000,1,2023-11-16T18:55:46.000Z,https://universalis.app/market/2427
2430,Amateur's Awl,Takemikazuchi Ak,990,1,2023-11-08T20:43:58.000Z,https://universalis.app/market/2430
2431,Bronze Awl,Sylvia Cooper,4750,1,2023-11-02T22:07:08.000Z,https://universalis.app/market/2431
2433,Iron Awl,Sigbeqboibe Bhudi,5000,1,2023-10-30T22:58:53.000Z,https://universalis.app/market/2433
2434,Initiate's Awl,Erika Underhill,10000,1,2023-10-30T02:10:46.000Z,https://universalis.app/market/2434
2439,Mythril Awl,Zoey Knight,25000,1,2023-11-16T11:35:35.000Z,https://universalis.app/market/2439
2440,Cobalt Awl,Greenpea Soup,30000,1,2023-10-22T17:52:42.000Z,https://universalis.app/market/2440
2441,Militia Awl,Maeve Dawn,75000,1,2023-10-27T14:31:51.000Z,https://universalis.app/market/2441
2443,Copper Needle,Storm Zayn,5000,1,2023-10-31T11:11:09.000Z,https://universalis.app/market/2443
2444,Bat Fang Needle,Arc Lykos,800,1,2023-11-02T16:33:34.000Z,https://universalis.app/market/2444
2445,Amateur's Needle,Catnip Lacroix,2500,1,2023-11-07T01:51:40.000Z,https://universalis.app/market/2445
2446,Brass Needle,Niasa Aiyako,3000,1,2023-11-10T03:56:46.000Z,https://universalis.app/market/2446
2447,Initiate's Needle,Saiko Busujima,5000,1,2023-11-06T01:21:28.000Z,https://universalis.app/market/2447
2448,Silver Needle,Arus Soleia,2888,1,2023-11-12T02:13:07.000Z,https://universalis.app/market/2448
2449,Worm Fang Needle,Azrael Starblaze,15000,1,2023-11-11T00:29:55.000Z,https://universalis.app/market/2449
5447,Sandworm Fang,Fox Warbird,500,1,2023-11-08T11:38:04.000Z,https://universalis.app/market/5447
2450,Mythril Needle,Beer Pup,30000,1,2023-10-25T05:04:02.000Z,https://universalis.app/market/2450
2451,Wolf Fang Needle,Princess Princess,20050,1,2023-11-01T18:20:50.000Z,https://universalis.app/market/2451
2452,Thousand Needle,Ume Chorrynth,20000,1,2023-10-24T23:34:34.000Z,https://universalis.app/market/2452
5468,Cactuar Needle,N'ari Faye,6000,3,2023-10-29T14:23:35.000Z,https://universalis.app/market/5468
2453,Electrum Needle,Klain Snjor,1500,1,2023-10-28T21:09:07.000Z,https://universalis.app/market/2453
2456,Amateur's Spinning Wheel,Mikha Magala,2300,1,2023-11-01T03:46:48.000Z,https://universalis.app/market/2456
2457,Ash Spinning Wheel,Abigail Frazier,1009,1,2023-10-29T14:43:28.000Z,https://universalis.app/market/2457
2459,Initiate's Spinning Wheel,Sylvia Dawn,10045,1,2023-11-08T21:05:18.000Z,https://universalis.app/market/2459
2460,Elm Spinning Wheel,Shiki Serene,4000,1,2023-10-22T02:46:57.000Z,https://universalis.app/market/2460
2462,Walnut Spinning Wheel,Caroline Varlineau,21600,1,2023-10-22T18:12:21.000Z,https://universalis.app/market/2462
2464,Mahogany Spinning Wheel,Tiugh Athair,15000,1,2023-11-11T03:21:31.000Z,https://universalis.app/market/2464
2465,Rosewood Spinning Wheel,M'lya Jihn,35000,1,2023-10-23T06:00:05.000Z,https://universalis.app/market/2465
2466,Militia Spinning Wheel,Klain Snjor,44999,1,2023-10-28T21:09:29.000Z,https://universalis.app/market/2466
2468,Bronze Alembic,Azrael Starblaze,125000,1,2023-10-30T23:52:18.000Z,https://universalis.app/market/2468
2469,Amateur's Alembic,Potato Plato,10000,1,2023-10-27T04:19:27.000Z,https://universalis.app/market/2469
2470,Brass Alembic,Nell Higgins,40000,1,2023-10-26T11:54:55.000Z,https://universalis.app/market/2470
2471,Initiate's Alembic,Viru Endsinger,11128,1,2023-11-14T02:03:08.000Z,https://universalis.app/market/2471
2472,Iron Alembic,Reis Leone,11126,1,2023-10-22T08:46:50.000Z,https://universalis.app/market/2472
2473,Conical Alembic,Riu Himuro,29000,1,2023-10-29T10:11:33.000Z,https://universalis.app/market/2473
2474,Steel Alembic,Mikha Magala,20000,1,2023-11-17T00:43:08.000Z,https://universalis.app/market/2474
2475,Silver Alembic,Night Rains,10000,1,2023-10-25T06:36:56.000Z,https://universalis.app/market/2475
2476,Mythril Alembic,Azrael Starblaze,35000,1,2023-11-12T05:01:03.000Z,https://universalis.app/market/2476
2477,Electrum Alembic,Sorsha Bavmorda,21999,1,2023-11-15T05:43:13.000Z,https://universalis.app/market/2477
2478,Thermal Alembic,Elora Balro,32000,1,2023-11-14T16:04:01.000Z,https://universalis.app/market/2478
2481,Amateur's Mortar,Sorrelia Blanchet,3000,1,2023-11-05T13:05:20.000Z,https://universalis.app/market/2481
2482,Bronze Mortar,Karyn Ava,3800,1,2023-11-13T04:43:53.000Z,https://universalis.app/market/2482
2484,Iron Mortar,Mephisto Baelfire,20000,1,2023-10-30T16:52:24.000Z,https://universalis.app/market/2484
2485,Initiate's Mortar,C'ouplah Dees,9500,1,2023-11-04T23:43:41.000Z,https://universalis.app/market/2485
2487,Steel Mortar,Azrael Starblaze,15000,1,2023-11-11T00:29:31.000Z,https://universalis.app/market/2487
2490,Mythril Mortar,Viru Endsinger,25000,1,2023-11-18T02:26:34.000Z,https://universalis.app/market/2490
2491,Cobalt Mortar,Bazongaz Connect,17000,1,2023-11-03T22:35:25.000Z,https://universalis.app/market/2491
2494,Bronze Skillet,Mikha Magala,2006,1,2023-11-04T04:06:45.000Z,https://universalis.app/market/2494
2495,Amateur's Skillet,Moighty Fine,5000,1,2023-10-22T02:59:36.000Z,https://universalis.app/market/2495
2496,Iron Skillet,Kamui Gakuto,3010,1,2023-11-04T05:09:54.000Z,https://universalis.app/market/2496
2497,Initiate's Skillet,Sylvia Cooper,11128,1,2023-11-02T22:02:16.000Z,https://universalis.app/market/2497
2498,Iron Frypan,Hephaestus Forge-god,10000,1,2023-11-03T20:56:27.000Z,https://universalis.app/market/2498
2499,Bomb Frypan,Nezuko Urokodaki,4999,1,2023-11-17T03:23:46.000Z,https://universalis.app/market/2499
5528,Bomb Ash,Lemon Squeezie,900,2,2023-11-04T00:41:25.000Z,https://universalis.app/market/5528
2500,Steel Skillet,Apollymi Katistrafi,22000,1,2023-10-25T00:52:04.000Z,https://universalis.app/market/2500
2501,White Skillet,Norm Corps,969,1,2023-10-29T13:53:27.000Z,https://universalis.app/market/2501
2502,Steel Frypan,Dorys Lanquairt,39999,1,2023-10-23T16:07:36.000Z,https://universalis.app/market/2502
2503,Cobalt Skillet,Luvaria Corello,20000,1,2023-10-23T05:15:46.000Z,https://universalis.app/market/2503
2504,Hells' Kitchen,Night Rains,26000,1,2023-11-01T06:36:44.000Z,https://universalis.app/market/2504
2507,Amateur's Culinary Knife,Takemikazuchi Ak,5000,1,2023-11-12T11:25:25.000Z,https://universalis.app/market/2507
2508,Bronze Culinary Knife,Asta Wolf,3009,1,2023-11-01T21:32:03.000Z,https://universalis.app/market/2508
2510,Iron Culinary Knife,Kamui Gakuto,3000,1,2023-11-04T05:09:59.000Z,https://universalis.app/market/2510
2511,Initiate's Culinary Knife,Ouka Ootori,2578,1,2023-10-22T14:08:03.000Z,https://universalis.app/market/2511
2514,Wrapped Steel Culinary Knife,Beefy Stan,20000,1,2023-10-22T15:34:16.000Z,https://universalis.app/market/2514
2516,Mythril Culinary Knife,Luvaria Corello,37999,1,2023-10-23T05:15:52.000Z,https://universalis.app/market/2516
2517,Cobalt Culinary Knife,Adoncia Hueras,11495,1,2023-11-11T00:06:39.000Z,https://universalis.app/market/2517
2520,Bronze Pickaxe,Bethov Thy,10000,1,2023-11-06T00:59:37.000Z,https://universalis.app/market/2520
2521,Amateur's Pickaxe,Ovan Shimiya,5000,1,2023-11-02T14:24:32.000Z,https://universalis.app/market/2521
2522,Plumed Bronze Pickaxe,Mykhala Whiteflame,8500,1,2023-10-29T23:42:22.000Z,https://universalis.app/market/2522
2523,Iron Pickaxe,Nezuko Urokodaki,20000,1,2023-11-11T01:37:34.000Z,https://universalis.app/market/2523
2524,Initiate's Pickaxe,Lobster Salad,24,1,2023-10-25T07:18:03.000Z,https://universalis.app/market/2524
2525,Iron Dolabra,Critical Subtlety,120000,1,2023-10-30T04:27:47.000Z,https://universalis.app/market/2525
2526,Steel Pickaxe,K'lyhia Golo,10000,1,2023-11-02T03:47:57.000Z,https://universalis.app/market/2526
2527,Steel Dolabra,Conc Blast,15000,1,2023-11-04T03:12:36.000Z,https://universalis.app/market/2527
2528,Plumed Mythril Pickaxe,Kaplan Cadmus,55000,1,2023-10-22T21:25:36.000Z,https://universalis.app/market/2528
5327,Undyed Linen,Aizileona Gethmara,1400,18,2023-11-13T06:52:29.000Z,https://universalis.app/market/5327
2529,Cobalt Dolabra,Divinix Windstar,75000,1,2023-11-15T23:06:45.000Z,https://universalis.app/market/2529
2530,Egret Dolabra,Divinix Windstar,62700,1,2023-11-18T02:06:12.000Z,https://universalis.app/market/2530
2534,Bronze Sledgehammer,Masha Tayuun,15000,1,2023-11-08T03:59:09.000Z,https://universalis.app/market/2534
2536,Initiate's Sledgehammer,Lobster Salad,10000,1,2023-10-25T07:18:12.000Z,https://universalis.app/market/2536
2537,Iron Sledgehammer,Niasa Aiyako,99999,1,2023-11-04T22:39:20.000Z,https://universalis.app/market/2537
2539,Steel Sledgehammer,Athena Misty,20000,1,2023-11-08T02:27:46.000Z,https://universalis.app/market/2539
2540,Wrapped Steel Sledgehammer,Alex Weytens,20000,1,2023-11-12T19:20:37.000Z,https://universalis.app/market/2540
2542,Mythril Sledgehammer,Kaplan Cadmus,30000,1,2023-10-22T08:40:51.000Z,https://universalis.app/market/2542
2543,Cobalt Sledgehammer,Yennefer Lafeye,35000,1,2023-10-27T22:56:16.000Z,https://universalis.app/market/2543
2544,Militia Sledgehammer,Snooze Time,49990,1,2023-11-06T22:29:31.000Z,https://universalis.app/market/2544
2546,Bronze Hatchet,Ghazghkull Thraka,15000,1,2023-11-12T05:12:16.000Z,https://universalis.app/market/2546
2547,Amateur's Hatchet,White Coral,17000,1,2023-11-13T04:35:19.000Z,https://universalis.app/market/2547
2548,Iron Hatchet,Knils Alfnes,20000,1,2023-11-13T09:36:13.000Z,https://universalis.app/market/2548
2549,Initiate's Hatchet,Gwen Wilfwyn,11000,1,2023-10-22T19:46:29.000Z,https://universalis.app/market/2549
2550,Brass Hatchet,Gianni Leeds,8000,1,2023-11-02T18:41:48.000Z,https://universalis.app/market/2550
2551,Plumed Iron Hatchet,Samuel Poe,30000,1,2023-10-25T06:58:01.000Z,https://universalis.app/market/2551
5359,Chocobo Feather,Sophia Z'ee,5000,10,2023-10-26T21:14:15.000Z,https://universalis.app/market/5359
2552,Steel Hatchet,Azrael Starblaze,9000,1,2023-11-12T04:39:14.000Z,https://universalis.app/market/2552
2553,Plumed Steel Hatchet,Sir Frozen,3500,1,2023-11-03T02:24:09.000Z,https://universalis.app/market/2553
2554,Mythril Hatchet,Mighty Mog,19900,1,2023-11-01T10:25:23.000Z,https://universalis.app/market/2554
2555,Cobalt Hatchet,Oberon Yllavaris,50000,1,2023-11-05T02:17:18.000Z,https://universalis.app/market/2555
2556,Horned Hatchet,Shino Norba,125000,1,2023-10-22T13:56:20.000Z,https://universalis.app/market/2556
2560,Bronze Scythe,Rose Liera,15000,1,2023-11-02T00:48:44.000Z,https://universalis.app/market/2560
2562,Iron Scythe,Aryian Cosmic,25000,1,2023-11-13T16:36:34.000Z,https://universalis.app/market/2562
2563,Initiate's Scythe,Beer Pup,19000,1,2023-10-31T00:33:17.000Z,https://universalis.app/market/2563
2565,Steel Scythe,Sindri Vanja,16000,1,2023-10-25T05:03:41.000Z,https://universalis.app/market/2565
2568,Mythril Scythe,Thane Vulpes,20000,1,2023-10-28T20:04:50.000Z,https://universalis.app/market/2568
2569,Cobalt Scythe,Nakano Akamori,20000,1,2023-11-13T06:06:11.000Z,https://universalis.app/market/2569
2570,Militia Scythe,Yami Celes,49999,1,2023-10-26T03:40:10.000Z,https://universalis.app/market/2570
2572,Maple Fishing Rod,Omega Everfrost,3999,1,2023-10-29T21:43:34.000Z,https://universalis.app/market/2572
2573,Amateur's Fishing Rod,Rin Exile,5250,1,2023-11-14T15:23:48.000Z,https://universalis.app/market/2573
2574,Elm Fishing Rod,Alluka Xx,10013,1,2023-11-06T15:23:05.000Z,https://universalis.app/market/2574
2575,Initiate's Fishing Rod,Mephisto Baelfire,10000,1,2023-10-29T02:04:52.000Z,https://universalis.app/market/2575
2576,Yew Fishing Rod,Aisuru Tenshi,5000,1,2023-11-12T20:29:59.000Z,https://universalis.app/market/2576
2578,Walnut Fishing Rod,Remu West,30000,1,2023-10-30T18:08:40.000Z,https://universalis.app/market/2578
2579,Horn Fishing Rod,Sole Vesper,8000,1,2023-10-30T21:24:20.000Z,https://universalis.app/market/2579
2580,Mahogany Fishing Rod,Caine Redgreave,29050,1,2023-11-09T21:13:19.000Z,https://universalis.app/market/2580
2581,Rosewood Fishing Rod,Caroline Varlineau,17000,1,2023-10-25T19:54:38.000Z,https://universalis.app/market/2581
2582,Gilded Rosewood Fishing Rod,Fraedor Draug,60000,1,2023-10-30T16:24:01.000Z,https://universalis.app/market/2582
2588,Crayfish Ball,Peko Pompurin,199,10,2023-10-31T12:18:28.000Z,https://universalis.app/market/2588
4825,Rye Flour,Roselyn Iris,1000,19,2023-10-25T03:18:38.000Z,https://universalis.app/market/4825
4925,Crayfish,Lysesarahnee Crofte,2000,26,2023-11-13T18:16:02.000Z,https://universalis.app/market/4925
2589,Goby Ball,Dino Punch-kick,1000,20,2023-10-23T00:35:48.000Z,https://universalis.app/market/2589
4931,Dusk Goby,Alice Song,199,2,2023-11-09T03:52:22.000Z,https://universalis.app/market/4931
2593,Crab Ball,Arma Geddon,15,10,2023-10-26T19:00:20.000Z,https://universalis.app/market/2593
4880,Helmet Crab,Aya Loha,999,3,2023-10-29T18:42:30.000Z,https://universalis.app/market/4880
2595,Bass Ball,Bun Tsukino,1000,99,2023-11-13T21:27:14.000Z,https://universalis.app/market/2595
4826,Sunset Wheat Flour,Trystan Payne,1000,6,2023-11-01T07:07:49.000Z,https://universalis.app/market/4826
4959,Dark Bass,Th'reftis Hyalenos,3995,3,2023-10-22T02:33:06.000Z,https://universalis.app/market/4959
2598,Herring Ball,Courtney Alexandraaa,101,99,2023-11-04T20:17:17.000Z,https://universalis.app/market/2598
4895,Indigo Herring,Sol Ille,2001,4,2023-11-13T20:30:56.000Z,https://universalis.app/market/4895
2610,Chocobo Fly,Fynn Aodha,405,12,2023-11-07T05:41:49.000Z,https://universalis.app/market/2610
2611,Floating Minnow,Sitri Corday,123,15,2023-11-10T02:19:01.000Z,https://universalis.app/market/2611
2612,Brass Spoon Lure,Bun Tsukino,211,99,2023-11-13T21:27:09.000Z,https://universalis.app/market/2612
2614,Crow Fly,Maya Alimont,3200,10,2023-11-05T06:22:07.000Z,https://universalis.app/market/2614
2615,Silver Spoon Lure,Bun Tsukino,300,3,2023-11-13T21:27:43.000Z,https://universalis.app/market/2615
2616,Steel Jig,Hazalos Prime,700,4,2023-11-05T04:54:41.000Z,https://universalis.app/market/2616
2617,Sinking Minnow,Enci Strife,6000,1,2023-11-14T18:52:52.000Z,https://universalis.app/market/2617
2618,Snurble Fly,Kevin Bloodmoon,3000,18,2023-10-22T17:56:07.000Z,https://universalis.app/market/2618
5349,Snurble Tufts,Petra Niteo,3000,2,2023-11-01T04:38:41.000Z,https://universalis.app/market/5349
2619,Heavy Steel Jig,Ozozma Ozma,3995,5,2023-11-10T07:25:59.000Z,https://universalis.app/market/2619
2620,Spinner,Uzair Syed,6000,1,2023-11-03T03:39:23.000Z,https://universalis.app/market/2620
4900,Whitelip Oyster,Tabius Korinthos,775,1,2023-11-03T18:09:22.000Z,https://universalis.app/market/4900
2622,Mythril Spoon Lure,Zarra Song,400,5,2023-11-03T01:06:10.000Z,https://universalis.app/market/2622
2623,Wildfowl Fly,Mars Knight,1500,3,2023-11-17T02:30:17.000Z,https://universalis.app/market/2623
2624,Topwater Frog,Vicenzo Volpe,3500,5,2023-10-25T17:48:40.000Z,https://universalis.app/market/2624
2625,Rainbow Spoon Lure,Solid Chan,5000,5,2023-10-26T02:05:44.000Z,https://universalis.app/market/2625
5466,Blacklip Oyster,Mimi Ni'zou,25000,1,2023-11-05T22:31:22.000Z,https://universalis.app/market/5466
2626,Spinnerbait,Clarion Aster,8269,1,2023-10-28T04:39:16.000Z,https://universalis.app/market/2626
5329,Undyed Felt,Myi' Ke,5001,4,2023-11-05T03:10:40.000Z,https://universalis.app/market/5329
2627,Streamer,Climhazzard Fury,6000,1,2023-11-14T13:01:26.000Z,https://universalis.app/market/2627
2628,Yumizuno,Kitsune Kurogane,10000,5,2023-11-05T02:50:18.000Z,https://universalis.app/market/2628
2629,Hempen Coif,Qoni Teni,7000,1,2023-11-03T15:50:11.000Z,https://universalis.app/market/2629
2630,Hempen Coif of Gathering,Envoy Amamiya,5000,1,2023-10-27T05:14:09.000Z,https://universalis.app/market/2630
2631,Leather Calot,Leona Night,30000,1,2023-11-05T19:41:01.000Z,https://universalis.app/market/2631
2650,Company Hat,Quasimoto Foo,999997,1,2023-10-29T06:29:07.000Z,https://universalis.app/market/2650
12590,Ramie Cloth,Aurora Destile,7500,1,2023-10-27T16:57:02.000Z,https://universalis.app/market/12590
12595,Ramie Thread,Raven Lionheart,4000,1,2023-10-22T17:15:03.000Z,https://universalis.app/market/12595
2652,Hempen Bandana,Skippy Basilia,42666666,1,2023-10-29T05:09:47.000Z,https://universalis.app/market/2652
2653,Leather Eyepatch,Settzy Dammaggher,29520000,1,2023-11-11T10:22:39.000Z,https://universalis.app/market/2653
2654,Hard Leather Pot Helm,Khaja Mol,4000,1,2023-11-03T01:23:31.000Z,https://universalis.app/market/2654
2655,Hempen Hat,Kosmos Suzuki,7777,1,2023-10-27T03:37:57.000Z,https://universalis.app/market/2655
2656,Bronze Chain Coif,Takemikazuchi Ak,5000,1,2023-11-12T11:25:43.000Z,https://universalis.app/market/2656
5081,Bronze Rings,Dark Fury,11,1,2023-11-08T18:03:35.000Z,https://universalis.app/market/5081
2658,Straw Hat,Solaara Windynn,5998,1,2023-11-13T11:23:04.000Z,https://universalis.app/market/2658
5342,Straw,Veneria Foreshadow,260,80,2023-10-29T21:20:05.000Z,https://universalis.app/market/5342
2660,Amateur's Headgear,Lugria Momo,2300,1,2023-11-11T03:56:11.000Z,https://universalis.app/market/2660
2661,Amateur's Hempen Coif,Renfrew Nocaire,8999,1,2023-10-27T03:17:22.000Z,https://universalis.app/market/2661
2662,Bronze Sallet,Riku Agatsuma,800000,1,2023-11-04T06:04:01.000Z,https://universalis.app/market/2662
2663,Stablemaid's Hat,Red Ryu,5000,1,2023-10-22T02:45:49.000Z,https://universalis.app/market/2663
5540,Carnation,Riven Zatoshi,3001,9,2023-10-28T01:37:53.000Z,https://universalis.app/market/5540
2664,Bronze Barbut,Sev Slatin,2000,1,2023-11-11T01:21:01.000Z,https://universalis.app/market/2664
2665,Cotton Turban,Taddeo Tempest,8000000,1,2023-11-13T08:04:16.000Z,https://universalis.app/market/2665
2666,Stablehand's Hat,Estelle Bright,10111,1,2023-10-25T12:53:49.000Z,https://universalis.app/market/2666
2668,Brass Spectacles,Redren Kawakami,14895,1,2023-11-16T21:30:55.000Z,https://universalis.app/market/2668
5512,Clear Glass Lens,Surly Panther,1000,3,2023-11-06T06:13:14.000Z,https://universalis.app/market/5512
2669,Hard Leather Eyepatch,Reina Cantlin,1010,1,2023-10-23T21:30:26.000Z,https://universalis.app/market/2669
2670,Cotton Scarf,Asuna Tsuki,30000000,1,2023-11-02T02:54:51.000Z,https://universalis.app/market/2670
2672,Hard Leather Skullcap,Naoh'li Awandah,99000,1,2023-10-31T05:52:18.000Z,https://universalis.app/market/2672
2673,Bronze Celata,Biggest Lalafell,2000,1,2023-10-22T15:59:27.000Z,https://universalis.app/market/2673
2675,Ash Mask,Kayn Sukehiro,3500,1,2023-10-23T02:58:16.000Z,https://universalis.app/market/2675
2677,Hunting Hat,Rax Ion,842,1,2023-11-04T08:36:31.000Z,https://universalis.app/market/2677
2680,Decorated Bronze Barbut,Queen Artyx,900,1,2023-11-07T11:57:29.000Z,https://universalis.app/market/2680
2685,Brass Circlet (Sunstone),Cordelia Windrunner,5000,1,2023-11-08T21:49:56.000Z,https://universalis.app/market/2685
5169,Sunstone,Robyn Banks,500,1,2023-10-30T01:03:57.000Z,https://universalis.app/market/5169
2687,Brass Circlet (Danburite),Jc Reblu,500,1,2023-10-30T09:52:15.000Z,https://universalis.app/market/2687
5170,Danburite,Kuro Anaideia,499,2,2023-11-17T10:16:47.000Z,https://universalis.app/market/5170
2689,Brass Circlet (Malachite),Nell Higgins,1000,1,2023-10-22T17:14:13.000Z,https://universalis.app/market/2689
5171,Malachite,Aizileona Gethmara,400,1,2023-11-12T02:42:27.000Z,https://universalis.app/market/5171
5172,Sphene,Aoie Ta'dawen,250,5,2023-11-01T22:37:08.000Z,https://universalis.app/market/5172
5173,Fluorite,Aizileona Gethmara,101,1,2023-11-15T20:45:07.000Z,https://universalis.app/market/5173
2695,Brass Circlet (Lapis Lazuli),Azra Sunna,2500,1,2023-10-24T18:12:44.000Z,https://universalis.app/market/2695
5174,Lapis Lazuli,Ryukuzo Wintersoul,450,37,2023-11-08T03:50:27.000Z,https://universalis.app/market/5174
2697,Goatskin Pot Helm,Hinata Ohime,8000,1,2023-11-01T17:31:32.000Z,https://universalis.app/market/2697
2699,Cotton Coif,Nezuko Urokodaki,9999,1,2023-11-08T01:52:02.000Z,https://universalis.app/market/2699
2700,Cotton Coif of Gathering,Chiull Malqir,8000,1,2023-10-28T15:40:33.000Z,https://universalis.app/market/2700
2703,Ash Mask (Lapis Lazuli),U'zangho Rhea,500000,1,2023-10-28T02:19:21.000Z,https://universalis.app/market/2703
2708,Iron Sallet,Jeanna Starfoot,17500,1,2023-10-26T17:02:53.000Z,https://universalis.app/market/2708
2710,Goatskin Eyepatch,Lyra Bell,10000,1,2023-11-11T23:52:58.000Z,https://universalis.app/market/2710
2712,Iron Celata,Kirbly Durbly,15000,1,2023-10-26T05:35:05.000Z,https://universalis.app/market/2712
5082,Iron Rings,Z'mhati Bladedancer,900,2,2023-11-15T20:50:54.000Z,https://universalis.app/market/5082
2714,Initiate's Headgear,Sir Bj,21500000,1,2023-11-11T22:14:28.000Z,https://universalis.app/market/2714
2719,Cotton Sugarloaf Hat,Venger Spinebreaker,17000000,1,2023-10-22T07:41:28.000Z,https://universalis.app/market/2719
2723,Iron Elmo,Tera Shell,10000,1,2023-10-25T23:43:17.000Z,https://universalis.app/market/2723
2725,Reinforced Iron Sallet,Artanaro Anirniq,9999,1,2023-10-29T02:33:47.000Z,https://universalis.app/market/2725
2727,Velveteen Bandana,Leeu Klein,21000,1,2023-11-12T01:49:06.000Z,https://universalis.app/market/2727
2728,Silver Spectacles,Rin Pendragon,40000,1,2023-10-29T01:07:18.000Z,https://universalis.app/market/2728
2729,Velveteen Turban,Tomoee Gozen,10000,1,2023-10-23T04:26:05.000Z,https://universalis.app/market/2729
2731,Silver Magnifiers,Masha Zolsesi,30000,1,2023-10-27T02:58:27.000Z,https://universalis.app/market/2731
2733,Velveteen Wedge Cap of Crafting,Trystan Payne,6000,1,2023-11-01T02:37:44.000Z,https://universalis.app/market/2733
2734,Velveteen Wedge Cap of Gathering,Questra Djt-nong,9500,1,2023-10-25T13:58:17.000Z,https://universalis.app/market/2734
2735,Silver Circlet (Garnet),Jeanna Starfoot,20000,1,2023-10-23T15:15:40.000Z,https://universalis.app/market/2735
5175,Garnet,Vulgaris Magistralis,500,5,2023-11-01T01:12:46.000Z,https://universalis.app/market/5175
2737,Silver Circlet (Goshenite),Aqua Slimegirl,9001,1,2023-10-29T03:35:48.000Z,https://universalis.app/market/2737
5176,Goshenite,Grimes Album,100,1,2023-11-16T16:42:20.000Z,https://universalis.app/market/5176
2739,Silver Circlet (Peridot),Issu Alloces,13000,1,2023-11-05T14:15:45.000Z,https://universalis.app/market/2739
5177,Peridot,Strider Strix,1899,2,2023-11-03T01:34:51.000Z,https://universalis.app/market/5177
2741,Silver Circlet (Heliodor),Celeste Nightingale,10000,1,2023-11-12T02:39:14.000Z,https://universalis.app/market/2741
5178,Heliodor,Ms Eldari,1500,3,2023-10-22T02:59:57.000Z,https://universalis.app/market/5178
2743,Silver Circlet (Amethyst),Riv Crowe,30000,1,2023-10-30T22:30:39.000Z,https://universalis.app/market/2743
5179,Amethyst,Mephisto Baelfire,70,2,2023-11-10T23:18:53.000Z,https://universalis.app/market/5179
2745,Silver Circlet (Aquamarine),Questra Djt-nong,30000,1,2023-10-27T20:53:36.000Z,https://universalis.app/market/2745
5180,Aquamarine,Aizileona Gethmara,500,2,2023-11-12T01:46:42.000Z,https://universalis.app/market/5180
2750,Velveteen Beret,Tomoee Gozen,19000,1,2023-11-07T16:40:02.000Z,https://universalis.app/market/2750
5343,Cotton Boll,Chris Sharkbait,301,50,2023-11-16T06:49:05.000Z,https://universalis.app/market/5343
5355,Dodo Feather,Jun Tatsuya,200,1,2023-11-14T02:51:22.000Z,https://universalis.app/market/5355
2753,Steel Sallet,Casino Smithy,39999,1,2023-10-29T03:34:47.000Z,https://universalis.app/market/2753
2755,Steel Celata,Gaius'van Baelsar,30000,1,2023-10-30T17:00:26.000Z,https://universalis.app/market/2755
2757,Vintage Celata,Yoko Frost,21052,1,2023-10-29T22:21:52.000Z,https://universalis.app/market/2757
2758,Steel Goggles,Yazii Li,30000,1,2023-10-25T00:08:12.000Z,https://universalis.app/market/2758
2763,Velveteen Sugarloaf Hat,Momonne Saucier,14999,1,2023-10-22T17:12:34.000Z,https://universalis.app/market/2763
2765,Steel Elmo,Golfinwe Frostbane,1000,1,2023-10-27T18:39:11.000Z,https://universalis.app/market/2765
2767,Skull Eyepatch,Hazel Owsla,29930,1,2023-10-24T14:54:33.000Z,https://universalis.app/market/2767
2769,Mythril Magnifiers,Hayato Kyousen,9000,1,2023-10-30T21:39:11.000Z,https://universalis.app/market/2769
2774,Mythril Spectacles,Diana Mordha,15000,1,2023-11-05T23:48:51.000Z,https://universalis.app/market/2774
2776,Linen Turban,Illidari Nightfall,19000,1,2023-11-05T01:50:27.000Z,https://universalis.app/market/2776
2778,Angler's Hat,Questra Djt-nong,15000,1,2023-10-29T15:51:29.000Z,https://universalis.app/market/2778
2779,Linen Hat,Solaria Rising,30000,1,2023-11-02T22:00:39.000Z,https://universalis.app/market/2779
2785,Vintage Chef's Hat,Cezi Lotye,75000,1,2023-11-15T01:46:05.000Z,https://universalis.app/market/2785
2786,Steel Barbut,Dark Zetsu,15140,1,2023-11-06T00:44:06.000Z,https://universalis.app/market/2786
2788,Boarskin Pot Helm,Ishtar Anastasia,5000,1,2023-11-11T02:47:41.000Z,https://universalis.app/market/2788
2790,Mythril Circlet (Rubellite),Auswell Endswell,45000,1,2023-11-11T20:43:38.000Z,https://universalis.app/market/2790
5181,Rubellite,Thistle Odeng,500,5,2023-11-06T04:40:03.000Z,https://universalis.app/market/5181
2792,Mythril Circlet (Zircon),Yasuo Battlepass,5000,1,2023-11-03T00:10:33.000Z,https://universalis.app/market/2792
5182,Zircon,Fon Doom,1000,2,2023-11-07T23:45:30.000Z,https://universalis.app/market/5182
2794,Mythril Circlet (Tourmaline),S'rau Vorai,18500,1,2023-10-24T06:10:35.000Z,https://universalis.app/market/2794
2796,Mythril Circlet (Amber),Jaylean Hartford,10000,1,2023-10-30T03:43:48.000Z,https://universalis.app/market/2796
5184,Amber,Kazuma Kuwabara,500,1,2023-10-26T17:25:01.000Z,https://universalis.app/market/5184
2798,Mythril Circlet (Spinel),Kassandra Kobayashi,19500,1,2023-10-22T11:12:51.000Z,https://universalis.app/market/2798
5185,Spinel,Aizileona Gethmara,1000,3,2023-11-13T07:36:48.000Z,https://universalis.app/market/5185
2800,Mythril Circlet (Turquoise),Killer Ofgods,9998,1,2023-11-17T19:16:58.000Z,https://universalis.app/market/2800
5186,Turquoise,Talesh Nymphaea,250,5,2023-10-22T04:11:53.000Z,https://universalis.app/market/5186
2802,Mythril Elmo,Aro Godo,10037,1,2023-11-03T06:41:01.000Z,https://universalis.app/market/2802
2804,Linen Wedge Cap of Crafting,Misfit Rose,8500,1,2023-10-25T05:03:16.000Z,https://universalis.app/market/2804
2805,Linen Wedge Cap of Gathering,Laffles Kett,5000,1,2023-10-29T20:22:21.000Z,https://universalis.app/market/2805
2806,Woolen Coif,Akiri Spector,20000,1,2023-11-06T03:45:44.000Z,https://universalis.app/market/2806
5328,Undyed Woolen Cloth,Ziforia Willosprig,10000,1,2023-10-31T02:15:47.000Z,https://universalis.app/market/5328
2808,Woolen Coif of Gathering,Ominous Pancake,25000,1,2023-11-07T08:32:58.000Z,https://universalis.app/market/2808
2810,Woolen Turban,Namuri Housho,20000,1,2023-11-04T13:54:17.000Z,https://universalis.app/market/2810
2812,Mythril Celata,User Input,40000,1,2023-11-08T00:01:54.000Z,https://universalis.app/market/2812
5089,Mythril Rings,Remi Malqir,2000,1,2023-11-01T18:06:21.000Z,https://universalis.app/market/5089
2814,Woolen Hat,Gelther Ashdale,30000,1,2023-11-04T21:06:58.000Z,https://universalis.app/market/2814
2816,Linen Deerstalker,Luvaria Corello,30000,1,2023-10-23T05:12:22.000Z,https://universalis.app/market/2816
2817,Mythril Barbut,Spieler Prayer,19999,1,2023-10-25T07:43:36.000Z,https://universalis.app/market/2817
2819,Mythril Mesail,Loija Djt-gilda,20044,1,2023-11-11T08:06:10.000Z,https://universalis.app/market/2819
2825,Ranger's Hat,Katalina Ultima,8000000,1,2023-11-06T11:25:15.000Z,https://universalis.app/market/2825
2827,Mythril Chain Coif,Reis Leone,19000,1,2023-10-22T08:50:48.000Z,https://universalis.app/market/2827
2829,Woolen Beret,Bobby Jatic,39999,1,2023-10-22T19:11:46.000Z,https://universalis.app/market/2829
5348,Apkallu Down,Likol Newesfve,7000,4,2023-10-28T15:16:39.000Z,https://universalis.app/market/5348
2830,Reinforced Mythril Elmo,Veles Arca,39000,1,2023-11-15T15:24:28.000Z,https://universalis.app/market/2830
2832,Woolen Cavalier's Hat,Bee Balm,13995,1,2023-10-24T03:47:29.000Z,https://universalis.app/market/2832
2834,Cobalt Preserves,Moon Cheesecake,29000,1,2023-10-23T21:22:36.000Z,https://universalis.app/market/2834
2835,Felt Coif,Sidgur Dotharl,22000,1,2023-10-23T11:34:48.000Z,https://universalis.app/market/2835
2837,Felt Coif of Gathering,Yennefer Lafeye,19254,1,2023-10-22T16:06:57.000Z,https://universalis.app/market/2837
2850,Cobalt Elmo,Caroline Varlineau,21999,1,2023-10-23T17:53:55.000Z,https://universalis.app/market/2850
2852,Felt Hat,Swyrkeim Fraewyn,27000,1,2023-11-06T00:21:14.000Z,https://universalis.app/market/2852
2854,Woolen Deerstalker,Divinix Windstar,50000,1,2023-11-16T04:11:22.000Z,https://universalis.app/market/2854
2855,Vintage Jester's Cap,Naran Qerel,11999,1,2023-11-14T20:44:58.000Z,https://universalis.app/market/2855
2857,Electrum Monocle,Agrat'bat Mahlat,28000,1,2023-10-22T16:30:25.000Z,https://universalis.app/market/2857
5087,Brass Rings,Yrys Kha-qalli,70,2,2023-11-15T02:57:46.000Z,https://universalis.app/market/5087
2859,Cobalt Barbut,Selene Horises,39999,1,2023-11-02T23:57:37.000Z,https://universalis.app/market/2859
2861,Cobalt Mesail,Krjn Iryut,18000,1,2023-10-23T01:22:07.000Z,https://universalis.app/market/2861
2862,Raptorskin Pot Helm,Rotha Ilex,25000,1,2023-11-03T01:30:59.000Z,https://universalis.app/market/2862
2870,Electrum Circlet (Rubellite),Jins-a Jinyasa,55000,1,2023-11-03T03:01:59.000Z,https://universalis.app/market/2870
2872,Electrum Circlet (Zircon),Yukari Liu,37000,1,2023-11-01T16:17:19.000Z,https://universalis.app/market/2872
2874,Electrum Circlet (Tourmaline),Emperor Couzcouz,9473,1,2023-11-08T04:54:32.000Z,https://universalis.app/market/2874
2876,Electrum Circlet (Amber),Seraphim Wrath,37500,1,2023-11-11T19:40:16.000Z,https://universalis.app/market/2876
2878,Electrum Circlet (Spinel),Tate Tate,39000,1,2023-11-03T16:39:56.000Z,https://universalis.app/market/2878
2880,Electrum Circlet (Turquoise),Angel Blushes,961,1,2023-10-27T00:20:03.000Z,https://universalis.app/market/2880
2882,Rainmaker's Hat,Thorne Greywolfe,28000,1,2023-11-16T17:25:53.000Z,https://universalis.app/market/2882
5084,Cobalt Rings,Torsten Foxe,2500,1,2023-11-06T07:35:22.000Z,https://universalis.app/market/5084
2886,Felt Beret,Akari Sara,20000,1,2023-10-26T02:09:16.000Z,https://universalis.app/market/2886
2888,Vintage Coif,Smurgle Biscuits,30000,1,2023-10-23T06:55:59.000Z,https://universalis.app/market/2888
2891,Felt Cavalier's Hat,Arinasai Rokuyari,19250,1,2023-10-26T15:32:20.000Z,https://universalis.app/market/2891
2893,Cobalt Sallet,Beza Bez,43999,1,2023-11-03T00:53:55.000Z,https://universalis.app/market/2893
2895,Patrician's Wedge Cap,Rea'dyu Books,40000,1,2023-10-22T05:03:05.000Z,https://universalis.app/market/2895
2911,Militia Barbut,Maya Faoiltiarna,8999,1,2023-11-03T01:58:19.000Z,https://universalis.app/market/2911
2912,Militia Armet,Mini Mais,5000,1,2023-11-01T17:24:34.000Z,https://universalis.app/market/2912
2913,Militia Hat,Luna Fortuna,598,1,2023-11-06T02:58:07.000Z,https://universalis.app/market/2913
2915,Silver Tricorne,Verric Lazarus,7057,1,2023-10-31T05:22:35.000Z,https://universalis.app/market/2915
5287,Uraeus Leather,Jaya Folthorne,10000,23,2023-10-28T21:19:44.000Z,https://universalis.app/market/5287
2921,Blacksmith's Goggles,Vaqroh Tiddy-seeker,8999,1,2023-10-25T13:06:02.000Z,https://universalis.app/market/2921
2922,Armorer's Visor,Akuma Mir,4000,1,2023-10-22T17:41:50.000Z,https://universalis.app/market/2922
2923,Goldsmith's Turban,Fluff Guck,2999,1,2023-11-15T03:24:30.000Z,https://universalis.app/market/2923
2924,Leatherworker's Hat,Alice Vibing,29998,1,2023-10-25T18:12:36.000Z,https://universalis.app/market/2924
2927,Culinarian's Hat,Rhoaste Peaks,29999,1,2023-10-26T19:36:33.000Z,https://universalis.app/market/2927
2929,Hamlet Cutter's Hat,Niasa Aiyako,30000,1,2023-10-22T06:00:10.000Z,https://universalis.app/market/2929
2930,Hamlet Puller's Hat,Nimue Umiko,16968,1,2023-10-23T19:04:23.000Z,https://universalis.app/market/2930
2932,Rose Gold Circlet,Drake Tual,4500,1,2023-10-26T00:17:07.000Z,https://universalis.app/market/2932
2931,Legionary Visor,Day Celes,266000000,1,2023-10-23T03:32:08.000Z,https://universalis.app/market/2931
5067,Rose Gold Ingot,Te'q Sinsonte,1700,1,2023-10-22T17:09:57.000Z,https://universalis.app/market/5067
2933,Imperial Operative Tricorne,Golfinwe Frostbane,1083,1,2023-11-02T20:20:13.000Z,https://universalis.app/market/2933
2934,Imperial Operative Hat,Uni Kriezyk,3496,1,2023-10-28T22:18:41.000Z,https://universalis.app/market/2934
2938,Gryphonskin Bandana,Rhea Doran,3300,1,2023-10-22T09:29:59.000Z,https://universalis.app/market/2938
5289,Hard Hippogryph Leather,Kifa Fahnrir,5200,1,2023-10-27T00:12:51.000Z,https://universalis.app/market/5289
2940,Darksteel Chain Coif,Zara Tirameth,1999,1,2023-11-02T13:34:12.000Z,https://universalis.app/market/2940
5085,Darksteel Rings,Exxtra Thicc,155,1,2023-10-31T05:14:58.000Z,https://universalis.app/market/5085
2941,Vanya Hat of Casting,Vonosten Asuka,30000,1,2023-10-25T20:43:28.000Z,https://universalis.app/market/2941
5577,Vanya Silk Hat Lining,Vinna Vim,2111,2,2023-11-03T08:20:28.000Z,https://universalis.app/market/5577
2942,Vanya Hat of Healing,Jelly Pants,18900,1,2023-10-28T14:26:55.000Z,https://universalis.app/market/2942
2958,Hempen Dalmatica,Kaylanii Moon,5000,1,2023-10-29T17:14:29.000Z,https://universalis.app/market/2958
2959,Hempen Dalmatica of Gathering,Madam Krysis,35864000,1,2023-11-07T05:34:48.000Z,https://universalis.app/market/2959
2960,Hempen Tunic,Clown Chan,17850000,1,2023-10-31T01:40:46.000Z,https://universalis.app/market/2960
2961,Hempen Kurta,Megumi Milk,20000000,1,2023-11-06T22:45:30.000Z,https://universalis.app/market/2961
2993,Company Tabard,Huriah Dawnbringer,1400000,1,2023-10-29T00:15:19.000Z,https://universalis.app/market/2993
2996,Hempen Undershirt,Nix Ennorin,50000000,1,2023-10-28T01:10:04.000Z,https://universalis.app/market/2996
2997,Hempen Camise,Caleina Hidashi,1500,1,2023-11-11T22:14:35.000Z,https://universalis.app/market/2997
2999,Hempen Tabard,Artanaro Anirniq,14000,1,2023-10-28T03:46:52.000Z,https://universalis.app/market/2999
3000,Hempen Cowl,Luis Strife,10000,1,2023-10-30T20:08:03.000Z,https://universalis.app/market/3000
3001,Hempen Shepherd's Tunic,Y'rhika Tiarty,200000000,1,2023-11-14T14:50:05.000Z,https://universalis.app/market/3001
3008,Hempen Acton,Catnip Lacroix,9999,1,2023-11-07T01:05:57.000Z,https://universalis.app/market/3008
5341,Moko Grass,Shard Crimsonclaw,250,33,2023-11-07T21:09:04.000Z,https://universalis.app/market/5341
3010,Hempen Halfrobe,Cody Corp,7104,1,2023-10-29T02:04:14.000Z,https://universalis.app/market/3010
3011,Bronze Haubergeon,Hephaestus Forge-god,2000,1,2023-11-04T11:47:17.000Z,https://universalis.app/market/3011
3013,Amateur's Doublet Vest,Kaiena Dixon-han,100,1,2023-10-26T01:32:18.000Z,https://universalis.app/market/3013
3014,Amateur's Kurta,Hungy Dungy,406,1,2023-11-08T02:04:02.000Z,https://universalis.app/market/3014
3015,Amateur's Dalmatica,Odinel Kemp,3000,1,2023-11-06T15:54:01.000Z,https://universalis.app/market/3015
3016,Leather Jacket,Silent Devotion,3999,1,2023-10-22T06:03:51.000Z,https://universalis.app/market/3016
3017,Hard Leather Harness,Apollo Luna,10000,1,2023-11-16T07:20:36.000Z,https://universalis.app/market/3017
3018,Hempen Robe,Renfrew Nocaire,15000,1,2023-10-28T07:05:17.000Z,https://universalis.app/market/3018
3019,Hempen Doublet Vest of Crafting,Sko'gar Ljon,950,1,2023-10-24T20:07:37.000Z,https://universalis.app/market/3019
3020,Hempen Doublet Vest of Gathering,Mykhala Whiteflame,5000,1,2023-10-28T21:17:12.000Z,https://universalis.app/market/3020
3022,Cotton Shirt,Kohaku Kurohana,10010,1,2023-11-09T21:37:57.000Z,https://universalis.app/market/3022
3023,Cotton Shepherd's Tunic,Kohaku Kurohana,4999,1,2023-11-12T02:27:26.000Z,https://universalis.app/market/3023
3024,Cotton Cowl,Luis Strife,800,1,2023-10-31T20:05:28.000Z,https://universalis.app/market/3024
3026,Bronze Cuirass,Tiugh Athair,10000,1,2023-11-05T02:16:20.000Z,https://universalis.app/market/3026
3028,Cotton Tabard,Lumin Surt,10000,1,2023-10-27T03:29:28.000Z,https://universalis.app/market/3028
3036,Cotton Dalmatica,Moon Cakes,9999,1,2023-11-17T10:30:10.000Z,https://universalis.app/market/3036
3038,Cotton Dalmatica of Gathering,Illidari Nightfall,19999,1,2023-11-11T15:22:43.000Z,https://universalis.app/market/3038
3039,Cotton Acton,Potato Plato,15000,1,2023-11-02T04:17:39.000Z,https://universalis.app/market/3039
3041,Cotton Kurta,Sylvia Cooper,21115,1,2023-11-02T22:03:28.000Z,https://universalis.app/market/3041
3043,Goatskin Jacket,Falling Apple,350,1,2023-11-05T00:32:05.000Z,https://universalis.app/market/3043
3050,Cotton Halfrobe,Mr Mattattack,20000,1,2023-10-27T09:04:11.000Z,https://universalis.app/market/3050
3052,Cotton Doublet Vest of Crafting,Vanilla Chan,49999,1,2023-10-26T03:30:23.000Z,https://universalis.app/market/3052
3053,Cotton Doublet Vest of Gathering,Aemlus Karlc,44000,1,2023-11-13T07:39:32.000Z,https://universalis.app/market/3053
3057,Iron Scale Mail,Questra Djt-nong,12000,1,2023-10-25T13:57:57.000Z,https://universalis.app/market/3057
3060,Cotton Trapper's Tunic,Gram'yor Eriksson,1000,1,2023-11-05T02:40:32.000Z,https://universalis.app/market/3060
3062,Cotton Robe,Holt Moll,91800000,1,2023-11-15T08:36:21.000Z,https://universalis.app/market/3062
3064,Initiate's Doublet Vest,Esla Fran,30000,1,2023-11-10T04:46:01.000Z,https://universalis.app/market/3064
3065,Initiate's Gown,Aemlus Karlc,100,1,2023-11-13T03:31:57.000Z,https://universalis.app/market/3065
3066,Velveteen Shirt,Kilik Lionel,50000,1,2023-10-28T19:04:04.000Z,https://universalis.app/market/3066
3068,Heavy Iron Armor,Astral Gemini,100000000,1,2023-10-28T03:51:38.000Z,https://universalis.app/market/3068
3076,Vintage Coatee,Y'lyrrha Vheo,150000,1,2023-11-01T04:56:36.000Z,https://universalis.app/market/3076
3009,Moth-eaten Coatee,Amber Satinlace,32000,1,2023-10-28T12:59:27.000Z,https://universalis.app/market/3009
3077,Velveteen Coatee of Crafting,Trystan Payne,20000,1,2023-11-01T02:37:56.000Z,https://universalis.app/market/3077
3090,Velveteen Cowl,Booba Walf,12345,1,2023-11-05T21:11:36.000Z,https://universalis.app/market/3090
3092,Velveteen Coatee of Gathering,Tera Shell,13999,1,2023-11-04T12:26:48.000Z,https://universalis.app/market/3092
3096,Steel Chainmail,Queen Artyx,40000,1,2023-11-07T12:02:30.000Z,https://universalis.app/market/3096
5083,Steel Rings,Nadaki Vanima,2450,4,2023-10-24T23:09:36.000Z,https://universalis.app/market/5083
3099,Toadskin Jerkin,Clara Moonborn,19750,1,2023-10-24T04:48:07.000Z,https://universalis.app/market/3099
3100,Toadskin Jacket,Illustrious Clyne,29999,1,2023-11-09T00:20:25.000Z,https://universalis.app/market/3100
3102,Steel Cuirass,Sofia Firebird,22000,1,2023-10-24T23:12:12.000Z,https://universalis.app/market/3102
3104,Velveteen Gown,Golfinwe Frostbane,25000,1,2023-10-27T17:56:26.000Z,https://universalis.app/market/3104
3105,Vintage Doublet Vest,Eve Crescent,50000,1,2023-10-22T20:01:32.000Z,https://universalis.app/market/3105
2998,Frayed Cotton Doublet Vest,Amber Satinlace,49,1,2023-10-28T13:07:46.000Z,https://universalis.app/market/2998
3106,Velveteen Robe,Issu Alloces,40000,1,2023-11-05T14:15:17.000Z,https://universalis.app/market/3106
3118,Steel Scale Mail,Azrael Starblaze,20000,1,2023-10-23T01:36:48.000Z,https://universalis.app/market/3118
3120,Velveteen Doublet Vest of Crafting,Kaida Lockhart,25000,1,2023-10-24T10:42:31.000Z,https://universalis.app/market/3120
3121,Velveteen Doublet Vest of Gathering,Astazia Night,30000,1,2023-11-14T00:26:24.000Z,https://universalis.app/market/3121
3125,Linen Shirt,Portia Bella,2500000,1,2023-11-06T16:04:09.000Z,https://universalis.app/market/3125
3127,Heavy Steel Armor,Kasumi Nistah,4000,1,2023-10-28T18:55:05.000Z,https://universalis.app/market/3127
3131,Linen Robe,Aerayezi Ulore,30000,1,2023-11-02T14:48:00.000Z,https://universalis.app/market/3131
3137,Vintage Chef's Apron,Wulfen Caelum,19000,1,2023-10-29T19:31:29.000Z,https://universalis.app/market/3137
3138,Boarskin Harness,Dedeno Feno,24500,1,2023-11-09T04:43:26.000Z,https://universalis.app/market/3138
3140,Linen Cowl,Yasuo Battlepass,10000,1,2023-11-03T00:10:56.000Z,https://universalis.app/market/3140
3142,Horn Scale Mail,Talon Karde,21060,1,2023-10-24T12:05:04.000Z,https://universalis.app/market/3142
3144,Linen Coatee of Crafting,Questra Djt-nong,20000,1,2023-10-30T13:40:03.000Z,https://universalis.app/market/3144
3146,Linen Bliaud,Pyr Oman,20000,1,2023-10-22T02:28:30.000Z,https://universalis.app/market/3146
3147,Woolen Shirt,Megumin Megumi,15000,1,2023-11-04T16:41:19.000Z,https://universalis.app/market/3147
3149,Mythril Cuirass,Bormen Showoff,48000,1,2023-10-24T23:08:03.000Z,https://universalis.app/market/3149
3160,Woolen Robe,Lumin Surt,22000,1,2023-10-27T03:48:29.000Z,https://universalis.app/market/3160
3162,Linen Smock,Sko'gar Ljon,30000,1,2023-10-27T06:08:00.000Z,https://universalis.app/market/3162
3163,Linen Doublet,Kitaranas Kravenfeld,20000,1,2023-10-22T19:38:27.000Z,https://universalis.app/market/3163
3164,Vintage Scale Mail,Fuyu Hanako,30000,1,2023-11-12T00:57:56.000Z,https://universalis.app/market/3164
3021,Blackened Scale Mail,Pepper Nerbsdottir,1025,1,2023-11-04T06:41:14.000Z,https://universalis.app/market/3021
3165,Peisteskin Harness,Ishtar Anastasia,45000,1,2023-11-12T02:35:39.000Z,https://universalis.app/market/3165
3172,Ranger's Tunic,Tsuki Kaede,30000,1,2023-11-06T14:25:51.000Z,https://universalis.app/market/3172
3174,Mythril Haubergeon,Belzardon Aphyon,19000,1,2023-11-01T17:01:41.000Z,https://universalis.app/market/3174
3176,Woolen Gown,Swedish Fika,39999,1,2023-10-25T22:10:42.000Z,https://universalis.app/market/3176
3177,Boarskin Jerkin,Thorn Pathwalker,35000,1,2023-11-09T02:06:40.000Z,https://universalis.app/market/3177
3178,Woolen Bliaud,Jerry Milkus,8989,1,2023-11-04T04:33:52.000Z,https://universalis.app/market/3178
3180,High Mythril Armor,Reis Leone,49999,1,2023-10-24T05:39:56.000Z,https://universalis.app/market/3180
3182,Vintage Seneschal Coatee,Danius Roetilius,99000,1,2023-11-04T08:56:39.000Z,https://universalis.app/market/3182
3098,Moth-eaten Seneschal Coatee,Aqua Tsuki,70000,1,2023-11-02T04:39:07.000Z,https://universalis.app/market/3098
3183,Tortoiseshell Scale Mail,Coleman Qedashin,15000,1,2023-11-08T23:57:14.000Z,https://universalis.app/market/3183
3185,Felt Robe,Smurgle Biscuits,29999,1,2023-10-23T06:56:12.000Z,https://universalis.app/market/3185
3187,Woolen Smock,Cardief Acorde,45000,1,2023-10-23T01:04:53.000Z,https://universalis.app/market/3187
3188,Woolen Doublet,Farmer Dan,13800,1,2023-11-04T00:53:11.000Z,https://universalis.app/market/3188
3191,Raptorskin Harness,Mikowo Neigh,26000,1,2023-11-04T05:02:24.000Z,https://universalis.app/market/3191
3193,Woolen Cowl,Tirius Aldamar,10000,1,2023-10-23T02:35:50.000Z,https://universalis.app/market/3193
3201,Rainmaker's Tunic,Ashen Dawnbreaker,34988,1,2023-10-25T03:22:03.000Z,https://universalis.app/market/3201
3203,Cobalt Haubergeon,Big-cat Logan,59000,1,2023-11-06T22:52:24.000Z,https://universalis.app/market/3203
3205,Felt Gown,Akari Sara,32000,1,2023-10-26T02:09:33.000Z,https://universalis.app/market/3205
3206,Raptorskin Jerkin,Aeya Fukiku,46000,1,2023-11-17T22:28:00.000Z,https://universalis.app/market/3206
3208,Vintage Robe,Sayni Takiuno,49000,1,2023-11-03T20:44:07.000Z,https://universalis.app/market/3208
3211,Felt Bliaud,Questra Djt-nong,69999,1,2023-11-05T18:31:32.000Z,https://universalis.app/market/3211
3213,Raptorskin Jacket,Questra Djt-nong,65000,1,2023-11-11T00:19:42.000Z,https://universalis.app/market/3213
3215,Patrician's Coatee,Valerian Asterius,49000,1,2023-10-26T02:10:51.000Z,https://universalis.app/market/3215
3218,Vintage Haubergeon,Odibrand Geist,30000,1,2023-10-27T15:14:44.000Z,https://universalis.app/market/3218
3229,Carpenter's Gown,Erika Underhill,19999,1,2023-10-26T03:21:26.000Z,https://universalis.app/market/3229
3230,Blacksmith's Apron,Bimblo Scrimblo,56968,1,2023-11-10T06:41:43.000Z,https://universalis.app/market/3230
3231,Armorer's Gown,Zuki Morimoto,19978,1,2023-11-10T07:37:05.000Z,https://universalis.app/market/3231
3232,Goldsmith's Doublet,Fluff Guck,24000,1,2023-11-15T03:24:10.000Z,https://universalis.app/market/3232
3233,Leatherworker's Shirt,Akari Sara,19992,1,2023-10-26T02:17:25.000Z,https://universalis.app/market/3233
3234,Weaver's Swallowtail,Ivayla Asche,29999,1,2023-10-26T17:31:35.000Z,https://universalis.app/market/3234
3235,Alchemist's Coat,Sigemund Orino,30000,1,2023-10-29T21:25:33.000Z,https://universalis.app/market/3235
3236,Culinarian's Apron,Rhoaste Peaks,39999,1,2023-10-26T18:52:27.000Z,https://universalis.app/market/3236
3237,Miner's Shirt,Karagisi Mavina,70000,1,2023-10-23T07:45:35.000Z,https://universalis.app/market/3237
3239,Fisher's Shirt,Jeeves Fraideoux,70000,1,2023-10-28T15:46:28.000Z,https://universalis.app/market/3239
3241,Militia Cuirass,Tsuru Akiudo,10000,1,2023-11-17T18:04:00.000Z,https://universalis.app/market/3241
3242,Militia Harness,Mholi Purpura,199999,1,2023-11-17T11:18:18.000Z,https://universalis.app/market/3242
3243,Mosshorn Scale Mail,Rotha Ilex,4487,1,2023-11-03T01:31:06.000Z,https://universalis.app/market/3243
5437,Mossy Horn,Exandrya Skyee,500,2,2023-11-14T20:10:40.000Z,https://universalis.app/market/5437
3244,Dodore Doublet,Dark Zetsu,74000,1,2023-11-05T02:40:17.000Z,https://universalis.app/market/3244
5286,Dodore Leather,Darkstorm Delynx,550,2,2023-10-26T20:47:55.000Z,https://universalis.app/market/5286
3249,Imperial Operative Dalmatica,Cedrik Winterbane,1493,1,2023-10-22T02:59:13.000Z,https://universalis.app/market/3249
3256,Heavy Darksteel Armor,Lilium Milou,12000,1,2023-10-29T22:40:37.000Z,https://universalis.app/market/3256
5585,Darksteel Breastplate,Cinnamon Sugar,2021,1,2023-10-29T16:19:49.000Z,https://universalis.app/market/5585
3257,Darksteel Haubergeon,Shadyrak Ansorai,1400,1,2023-11-12T23:09:59.000Z,https://universalis.app/market/3257
5105,Garlean Steel Plate,Dade Darksoul,99,1,2023-11-02T14:38:25.000Z,https://universalis.app/market/5105
3258,Gryphonskin Jerkin,Sazuka Gheldari,1500,1,2023-10-24T18:43:52.000Z,https://universalis.app/market/3258
5290,Coeurl Fur,Jormun Tythenius,469,11,2023-11-14T02:37:54.000Z,https://universalis.app/market/5290
5581,Gryphonskin Shoulder Guards,Didrianna Winterset,2000,2,2023-11-02T01:27:31.000Z,https://universalis.app/market/5581
3259,Gryphonskin Tunic,Rishun Hashim,1998,1,2023-10-29T14:38:43.000Z,https://universalis.app/market/3259
5104,Garlean Steel Joint,D'lyxna Tia,370,1,2023-10-24T01:36:36.000Z,https://universalis.app/market/5104
3260,Vanya Robe of Casting,Miki Chinen,99999,1,2023-11-07T06:41:55.000Z,https://universalis.app/market/3260
5578,Vanya Silk Robe Lining,Ralia Lunafell,5024,2,2023-11-05T03:25:11.000Z,https://universalis.app/market/5578
3261,Vanya Robe of Healing,Yasuo Battlepass,199985,1,2023-11-05T14:35:38.000Z,https://universalis.app/market/3261
3274,Hempen Breeches,Bobby Jatic,5650,1,2023-10-22T17:44:21.000Z,https://universalis.app/market/3274
3275,Hempen Breeches of Crafting,Sky Ice,5000,1,2023-11-07T22:52:24.000Z,https://universalis.app/market/3275
3307,Hempen Underpants,Cale Gamble,30000,1,2023-10-23T05:18:31.000Z,https://universalis.app/market/3307
3308,Hempen Pantalettes,Madam Krysis,161467000,1,2023-11-04T21:09:22.000Z,https://universalis.app/market/3308
3309,Hempen Chausses,Sko'gar Ljon,5000,1,2023-10-24T20:08:06.000Z,https://universalis.app/market/3309
3310,Leather Culottes,Jpwolf Gazer,1000,1,2023-11-07T00:46:54.000Z,https://universalis.app/market/3310
3311,Hempen Sarouel,Dee De,15000,1,2023-11-01T15:48:05.000Z,https://universalis.app/market/3311
3312,Hempen Tights,Kiwa Arana,20000,1,2023-11-03T12:56:16.000Z,https://universalis.app/market/3312
3313,Hempen Kecks,Dinah Mirtheart,9999,1,2023-11-10T01:43:20.000Z,https://universalis.app/market/3313
3314,Hempen Gaskins,Aemlus Karlc,5999,1,2023-11-13T02:01:47.000Z,https://universalis.app/market/3314
3315,Amateur's Slops,Caylin Whisperwood,14996,1,2023-10-22T01:39:50.000Z,https://universalis.app/market/3315
3316,Amateur's Breeches,Vayne Carudas,25000,1,2023-11-03T04:27:21.000Z,https://universalis.app/market/3316
3317,Hempen Bottoms,Aemlus Karlc,25000,1,2023-11-13T02:08:59.000Z,https://universalis.app/market/3317
3318,Hempen Trousers,Riku Agatsuma,20000,1,2023-11-04T06:04:32.000Z,https://universalis.app/market/3318
3319,Hard Leather Subligar,Kirbly Durbly,10000,1,2023-10-26T05:35:47.000Z,https://universalis.app/market/3319
3320,Striped Cotton Slops,Moon Binnie,5010,1,2023-11-15T09:25:10.000Z,https://universalis.app/market/3320
3321,Cotton Sarouel,Raw Beef,20000,1,2023-11-08T00:59:52.000Z,https://universalis.app/market/3321
3322,Cotton Shepherd's Slops,Zee Roe,1500,1,2023-11-11T16:37:12.000Z,https://universalis.app/market/3322
3324,Cotton Chausses,Ashe Sparks,5999,1,2023-10-24T04:41:23.000Z,https://universalis.app/market/3324
3325,Padded Hempen Trousers,Nezuko Urokodaki,245,1,2023-11-02T01:41:29.000Z,https://universalis.app/market/3325
3327,Cotton Tights,Venase Wolt,29999,1,2023-11-07T02:08:12.000Z,https://universalis.app/market/3327
3332,Cotton Trousers,Nezuko Urokodaki,8000,1,2023-11-03T02:00:15.000Z,https://universalis.app/market/3332
3334,Cotton Breeches,Cira Fiore,23016,1,2023-10-23T22:05:26.000Z,https://universalis.app/market/3334
3336,Cotton Breeches of Crafting,Illustrious Clyne,49999,1,2023-10-28T12:31:56.000Z,https://universalis.app/market/3336
3337,Goatskin Brais,Nell Higgins,10000,1,2023-11-04T17:51:33.000Z,https://universalis.app/market/3337
3339,Padded Cotton Trousers,Booba Walf,4000,1,2023-11-03T09:06:54.000Z,https://universalis.app/market/3339
