id,name,buyerName,pricePerUnit,quantity,timestamp,universalisUrl
1602,Bronze Bastard Sword,Monka Yesss,5000,1,2023-07-13T13:08:31.000Z,https://universalis.app/market/1602
2,Fire Shard,Miah Nelhaha,175,55,2023-07-17T01:19:38.000Z,https://universalis.app/market/2
5,Earth Shard,Kalund Damasca,77,100,2023-08-06T13:20:53.000Z,https://universalis.app/market/5
5056,Bronze Ingot,Sircloud Firstclass,31000,20,2023-08-06T22:00:52.000Z,https://universalis.app/market/5056
5361,Maple Lumber,Pancake Syrup,850,1,2023-08-03T21:37:17.000Z,https://universalis.app/market/5361
5432,Bone Chip,Alrev Marn,1210000,1,2023-07-30T20:09:20.000Z,https://universalis.app/market/5432
1603,Viking Sword,Sasha Moonglow,12140000,1,2023-07-18T23:10:17.000Z,https://universalis.app/market/1603
5275,Leather,Kagome Kuroko,269,1,2023-08-04T18:21:23.000Z,https://universalis.app/market/5275
1604,Ash Macuahuitl,Reamus Dracht,18000,1,2023-07-21T20:09:04.000Z,https://universalis.app/market/1604
3,Ice Shard,Tiamat Dragonhart,150,100,2023-08-08T00:26:13.000Z,https://universalis.app/market/3
4,Wind Shard,Felix Lansera,175,55,2023-07-14T00:23:30.000Z,https://universalis.app/market/4
5124,Obsidian,Kadir Dubois,500,6,2023-07-28T03:18:46.000Z,https://universalis.app/market/5124
5364,Ash Lumber,Eagle Stonewall,2991,1,2023-07-29T23:38:14.000Z,https://universalis.app/market/5364
1605,Bronze Spatha,Yohvu Mizuki,30000,1,2023-07-15T05:55:00.000Z,https://universalis.app/market/1605
5276,Hard Leather,Emih Mhezzo,998,3,2023-08-06T12:32:46.000Z,https://universalis.app/market/5276
5434,Ram Horn,Paz Khatayin,111,99,2023-08-09T06:48:53.000Z,https://universalis.app/market/5434
1607,Brass Bastard Sword,Saure Flamberge,7299,1,2023-08-06T04:56:20.000Z,https://universalis.app/market/1607
5063,Brass Ingot,Au'jeanne Aykiz,650,1,2023-08-02T19:21:33.000Z,https://universalis.app/market/5063
1609,Brass Viking Sword,Ahara Star,10000,1,2023-08-01T01:58:36.000Z,https://universalis.app/market/1609
5277,Aldgoat Leather,Sager Step-on-me,5000,10,2023-08-03T00:03:37.000Z,https://universalis.app/market/5277
1611,Carnage Sword,Taciturn Cliff,750,1,2023-08-06T02:27:42.000Z,https://universalis.app/market/1611
1614,Iron Shortsword,Celix Naline,19999,1,2023-07-21T13:42:31.000Z,https://universalis.app/market/1614
5057,Iron Ingot,Kaya Runway,2002,5,2023-07-16T09:49:47.000Z,https://universalis.app/market/5057
5367,Elm Lumber,Santiago Karunal,2500,1,2023-07-23T04:51:25.000Z,https://universalis.app/market/5367
1622,Iron Spatha,Ahara Star,8000,1,2023-08-04T20:16:28.000Z,https://universalis.app/market/1622
5435,Antelope Horn,Ziforia Willosprig,4600,2,2023-08-08T19:09:03.000Z,https://universalis.app/market/5435
1625,Steel Broadsword,Salms Amena,20000,1,2023-07-27T09:16:34.000Z,https://universalis.app/market/1625
5058,Steel Ingot,Yohvu Mizuki,3900,7,2023-07-15T05:57:03.000Z,https://universalis.app/market/5058
5371,Walnut Lumber,Linea Aesa,5000,1,2023-07-29T03:08:49.000Z,https://universalis.app/market/5371
5444,Wolf Fang,Takeke Take,1800,9,2023-08-09T08:38:43.000Z,https://universalis.app/market/5444
1627,Elm Macuahuitl,Ish't Ara'ara,7400,1,2023-08-02T12:16:31.000Z,https://universalis.app/market/1627
1633,Steel Falchion,Aurec Adaeus,30000,1,2023-07-27T21:40:00.000Z,https://universalis.app/market/1633
5260,Siltstone Whetstone,Alpha Kitten,10000,1,2023-07-30T01:07:34.000Z,https://universalis.app/market/5260
1635,Vintage Bastard Sword,Illidari Nightfall,29999,1,2023-07-28T03:54:25.000Z,https://universalis.app/market/1635
8,Fire Crystal,Sajon Maignes,175,55,2023-07-19T02:12:38.000Z,https://universalis.app/market/8
5259,Mudstone Whetstone,Eagle Stonewall,1001,1,2023-07-29T23:29:18.000Z,https://universalis.app/market/5259
1637,Walnut Macuahuitl,Tio Tot,1000,1,2023-07-21T17:38:32.000Z,https://universalis.app/market/1637
5125,Wyvern Obsidian,Lifa Tree,300,10,2023-08-01T05:23:30.000Z,https://universalis.app/market/5125
1639,Steel Longsword,Kaya Runway,26000,1,2023-07-17T07:44:06.000Z,https://universalis.app/market/1639
5504,Fish Glue,Eagle Stonewall,1500,2,2023-07-29T23:37:13.000Z,https://universalis.app/market/5504
1642,Goblin Scimitar,Waffle House,19999,1,2023-08-05T18:07:24.000Z,https://universalis.app/market/1642
1643,Mythril Broadsword,Kaya Runway,25000,1,2023-07-16T23:54:45.000Z,https://universalis.app/market/1643
5065,Mythril Ingot,Geoff W',2999,99,2023-07-20T23:56:56.000Z,https://universalis.app/market/5065
5373,Oak Lumber,X'akhra Tiaque,2250,5,2023-07-25T23:03:21.000Z,https://universalis.app/market/5373
1648,Vintage Viking Sword,La Dood,29999,1,2023-07-30T03:58:54.000Z,https://universalis.app/market/1648
11,Earth Crystal,Pearl Necklace,998,200,2023-08-07T11:41:57.000Z,https://universalis.app/market/11
1616,Nicked Viking Sword,Artemis Dragonheart,10000,1,2023-07-29T21:56:13.000Z,https://universalis.app/market/1616
1649,Goblin Longsword,Guolgybet Merlsatzsyn,19999,1,2023-08-05T08:26:39.000Z,https://universalis.app/market/1649
5262,Basilisk Whetstone,Dezkiimro Avagnar,2000,15,2023-07-15T02:18:11.000Z,https://universalis.app/market/5262
1650,Plumed Oak Macuahuitl,Shree Kachu,9899,1,2023-08-08T04:29:08.000Z,https://universalis.app/market/1650
5360,Wildfowl Feather,Kreirin Cordel,1000,10,2023-07-17T01:13:55.000Z,https://universalis.app/market/5360
1657,Cobalt Katzbalger,Artemis Dragonheart,9999,1,2023-07-30T19:17:43.000Z,https://universalis.app/market/1657
5059,Cobalt Ingot,Kitsu Uzuka,100000,1,2023-07-20T00:21:19.000Z,https://universalis.app/market/5059
5066,Electrum Ingot,Kallik Nyx,2003,20,2023-08-03T23:09:03.000Z,https://universalis.app/market/5066
5282,Boar Leather,Son T'challa,5000,1,2023-07-14T11:53:54.000Z,https://universalis.app/market/5282
1659,Cobalt Shamshir,Pyper Molkot,49999,1,2023-07-15T19:08:25.000Z,https://universalis.app/market/1659
5436,Aldgoat Horn,Mikuru Stella,5000,1,2023-07-31T21:56:36.000Z,https://universalis.app/market/5436
1663,Cobalt Winglet,Oona Oona,49999,1,2023-08-04T02:36:16.000Z,https://universalis.app/market/1663
5374,Mahogany Lumber,Razmun Svanasch,3500,1,2023-07-13T21:52:00.000Z,https://universalis.app/market/5374
5465,Sunrise Tellin,Gon Kousei,1000,1,2023-07-21T11:32:49.000Z,https://universalis.app/market/5465
5505,Horn Glue,Ayame Gakuto,3000,10,2023-07-15T18:29:49.000Z,https://universalis.app/market/5505
1666,Giantsgall Longsword,Sanctus Domina,19000,1,2023-07-24T03:08:42.000Z,https://universalis.app/market/1666
18,Lightning Cluster,Kaptain Kirk,777,100,2023-08-05T02:00:50.000Z,https://universalis.app/market/18
19,Water Cluster,Tofu Totofu,998,450,2023-08-03T23:17:40.000Z,https://universalis.app/market/19
7620,Diluted Vitriol,Lolly Lol,301,8,2023-07-30T14:53:19.000Z,https://universalis.app/market/7620
1670,Aeolian Scimitar,Silly-little Guy,98899,1,2023-08-07T04:20:05.000Z,https://universalis.app/market/1670
1636,Blunt Aeolian Scimitar,Dazone Marlboro,5272,1,2023-07-21T00:15:55.000Z,https://universalis.app/market/1636
5061,Darksteel Nugget,Akemiko Ishikama,5000,1,2023-08-08T23:34:03.000Z,https://universalis.app/market/5061
1673,Mailbreaker,Ji Hexxity,4000,1,2023-07-27T12:49:45.000Z,https://universalis.app/market/1673
14,Fire Cluster,Albanon Ebonstone,456,100,2023-08-09T09:51:34.000Z,https://universalis.app/market/14
17,Earth Cluster,Amber Wood,109,301,2023-07-27T19:49:39.000Z,https://universalis.app/market/17
5068,Rose Gold Nugget,Kira Raiken,9998,1,2023-07-16T23:53:19.000Z,https://universalis.app/market/5068
5288,Hippogryph Leather,Kiko Venuswater,2000,10,2023-07-27T06:20:54.000Z,https://universalis.app/market/5288
5570,Mailbreaker Blade,Ayumi Tenshi,2500,1,2023-07-27T08:04:54.000Z,https://universalis.app/market/5570
1681,Bone Hora,Xion Zero,19950,1,2023-07-15T22:29:33.000Z,https://universalis.app/market/1681
5318,Animal Sinew,Premium Heart,500,1,2023-08-08T00:23:59.000Z,https://universalis.app/market/5318
1682,Leather Himantes,Kaede Natsumi,500,1,2023-07-29T18:49:09.000Z,https://universalis.app/market/1682
5324,Undyed Hempen Cloth,Infernal Ape,999,2,2023-08-03T04:51:40.000Z,https://universalis.app/market/5324
1683,Ramhorn Claws,Daphne Mae,11237,1,2023-07-19T23:04:44.000Z,https://universalis.app/market/1683
1684,Bronze Knuckles,Peter Pickles,5010,1,2023-08-02T15:50:58.000Z,https://universalis.app/market/1684
1685,Hard Leather Himantes,Monka Yesss,300,1,2023-07-16T01:43:12.000Z,https://universalis.app/market/1685
1686,Brass Knuckles,Daphne Mae,5014,1,2023-07-13T23:33:34.000Z,https://universalis.app/market/1686
1688,Goatskin Cesti,Djura Ronso,9000,1,2023-08-04T21:38:33.000Z,https://universalis.app/market/1688
5319,Beast Sinew,Luna Knightshade,1200,30,2023-07-22T23:11:23.000Z,https://universalis.app/market/5319
1694,Spiked Knuckles,Brave Sparrow,15000,1,2023-07-29T03:09:52.000Z,https://universalis.app/market/1694
5072,Iron Plate,Mae Hwa,1000,2,2023-07-26T02:42:45.000Z,https://universalis.app/market/5072
1697,Toadskin Cesti,Daeji Bulgogi,10000,1,2023-07-30T14:39:01.000Z,https://universalis.app/market/1697
5280,Toad Leather,Sesame Buns,3000,1,2023-07-16T20:06:22.000Z,https://universalis.app/market/5280
5320,Diremite Sinew,Seanzzie Lightheart,510,3,2023-07-13T23:12:51.000Z,https://universalis.app/market/5320
1699,Steel Claws,Cain Tennos,10000,1,2023-08-02T00:20:07.000Z,https://universalis.app/market/1699
5073,Steel Plate,Roku Jenzaisch,3000,1,2023-08-05T01:58:34.000Z,https://universalis.app/market/5073
1706,Crabshell Hora,T'eilei Bello,16495,1,2023-07-14T03:38:42.000Z,https://universalis.app/market/1706
5321,Hippogryph Sinew,Shinobi Dm,2000,5,2023-07-22T13:39:13.000Z,https://universalis.app/market/5321
5456,Green Megalocrab Shell,Ms Eldari,382,6,2023-07-13T10:09:02.000Z,https://universalis.app/market/5456
1708,Boarskin Himantes,Dino Punch-kick,11000,1,2023-07-16T14:00:08.000Z,https://universalis.app/market/1708
1711,Mythril Claws,Svenifn Bosco,19999,1,2023-08-06T22:48:51.000Z,https://universalis.app/market/1711
5079,Mythril Plate,Khullkoth Parapho,988570,1,2023-07-13T16:21:08.000Z,https://universalis.app/market/5079
1716,Tortoiseshell Hora,Xavion Qestir,20000,1,2023-07-27T21:36:57.000Z,https://universalis.app/market/1716
5322,Raptor Sinew,Blank Slate,1947,2,2023-07-28T22:54:05.000Z,https://universalis.app/market/5322
5458,Adamantoise Shell,Squidly Inkerton,55,10,2023-07-22T22:32:53.000Z,https://universalis.app/market/5458
1723,Cobalt Knuckles,Kaya Runway,45000,1,2023-07-17T00:22:44.000Z,https://universalis.app/market/1723
1728,Peisteskin Cesti,Norman Granville,4000,1,2023-07-21T05:53:23.000Z,https://universalis.app/market/1728
5284,Peiste Leather,Erumei Nyanko,907,1,2023-08-06T02:07:22.000Z,https://universalis.app/market/5284
1732,Vintage Hora,Kirian Ruenheid,9899,1,2023-07-14T17:31:45.000Z,https://universalis.app/market/1732
1701,Chipped Hora,Rygar Winter,4898,1,2023-08-04T04:25:35.000Z,https://universalis.app/market/1701
5285,Raptor Leather,Daybreak's Bell,3400,3,2023-07-21T21:27:21.000Z,https://universalis.app/market/5285
1733,Cobalt Claws,Masha Sochz,35000,1,2023-07-15T15:35:27.000Z,https://universalis.app/market/1733
5074,Cobalt Plate,Akemiko Ishikama,7400,2,2023-07-28T08:49:11.000Z,https://universalis.app/market/5074
1736,Giantsgall Claws,Nori Matsutake,4999,1,2023-08-05T19:32:15.000Z,https://universalis.app/market/1736
1740,Wildling's Cesti,Aisling Greytide,79100,1,2023-08-09T01:27:49.000Z,https://universalis.app/market/1740
10,Wind Crystal,Beba Loot,1000,32,2023-07-24T00:38:13.000Z,https://universalis.app/market/10
5567,Bloody Cesti Covers,Sylvia Quasar,2999,2,2023-08-01T06:48:34.000Z,https://universalis.app/market/5567
1743,Avengers,Haydos Thefool,15499,1,2023-08-06T06:08:10.000Z,https://universalis.app/market/1743
5378,Spruce Lumber,Dark Sunshine,20000,1,2023-07-26T01:15:03.000Z,https://universalis.app/market/5378
5571,Avenger Grips,Didrianna Winterset,2199,2,2023-07-27T01:21:55.000Z,https://universalis.app/market/5571
1750,Bronze War Axe,Night Rains,14885,1,2023-07-16T11:39:58.000Z,https://universalis.app/market/1750
1751,Bronze Labrys,Appolyon Zara,4500,1,2023-08-05T00:08:36.000Z,https://universalis.app/market/1751
1752,Cloud Axe,Sadie Watson,2000,1,2023-07-24T05:47:37.000Z,https://universalis.app/market/1752
1753,Spiked Bronze Labrys,Xion Zero,35000,1,2023-07-15T22:51:11.000Z,https://universalis.app/market/1753
1754,Iron War Axe,Sager Step-on-me,9000,1,2023-08-04T00:14:37.000Z,https://universalis.app/market/1754
1756,Iron Labrys,Cassie Rose,12999,1,2023-07-18T18:07:14.000Z,https://universalis.app/market/1756
1758,Inferno Axe,Spllyn Iam,5000,1,2023-07-25T22:29:27.000Z,https://universalis.app/market/1758
1764,Iron Bill,Kelnos Marn,950000,1,2023-08-03T02:27:00.000Z,https://universalis.app/market/1764
4856,Clove Oil,Tatsuya Hakuryu,3000,1,2023-07-25T22:12:15.000Z,https://universalis.app/market/4856
5368,Yew Lumber,Muaja Dei-ijla,2000,2,2023-07-20T17:45:53.000Z,https://universalis.app/market/5368
1766,Thunderstorm Axe,Gecko Afterlife,10000,1,2023-08-02T05:55:22.000Z,https://universalis.app/market/1766
5064,Silver Ingot,Anaximander Aletheia,4000,1,2023-07-14T13:14:32.000Z,https://universalis.app/market/5064
1769,Spiked Steel Labrys,Taciturn Cliff,10000,1,2023-07-31T01:01:53.000Z,https://universalis.app/market/1769
1776,Steel Bardiche,Cherry Rosary,20000,1,2023-08-07T01:44:34.000Z,https://universalis.app/market/1776
5405,Yew Branch,Frank Ricard,800,1,2023-08-07T20:09:28.000Z,https://universalis.app/market/5405
1778,Steel Bhuj,Wultgar Wight,39999,1,2023-07-31T09:44:04.000Z,https://universalis.app/market/1778
1781,Spiked Mythril Labrys,Ari Kamikura,20000,1,2023-07-23T14:18:37.000Z,https://universalis.app/market/1781
1786,Mythril Bhuj,Mavis Quinn,29999,1,2023-08-06T04:22:45.000Z,https://universalis.app/market/1786
1796,Buccaneer's Bardiche,Kaya Runway,45000,1,2023-07-17T00:22:59.000Z,https://universalis.app/market/1796
5414,Rosewood Branch,Xilia Vield,2700,1,2023-07-27T01:22:12.000Z,https://universalis.app/market/5414
1800,Vintage Bill,Ryosen Kazarishi,30000,1,2023-07-31T02:31:11.000Z,https://universalis.app/market/1800
1771,Notched Bill,Bria Kuruka,1000,1,2023-07-25T18:49:09.000Z,https://universalis.app/market/1771
1801,Demilune Bhuj,Keygon Drakenguard,40000,1,2023-08-07T00:47:46.000Z,https://universalis.app/market/1801
5196,Jadeite,Danton White,1250,1,2023-08-01T04:15:58.000Z,https://universalis.app/market/5196
1803,Spiked Cobalt Labrys,Reese Reese,50000,1,2023-08-06T12:38:51.000Z,https://universalis.app/market/1803
5376,Rosewood Lumber,Ziforia Willosprig,3500,1,2023-07-19T01:46:38.000Z,https://universalis.app/market/5376
1806,Giantsgall War Axe,Large Milligram,11500,1,2023-07-27T19:13:14.000Z,https://universalis.app/market/1806
1810,Barbarian's Bardiche,River Pond,68900,1,2023-07-19T13:01:12.000Z,https://universalis.app/market/1810
5566,Bloody Bardiche Head,Ayumi Tenshi,2500,1,2023-07-27T08:03:02.000Z,https://universalis.app/market/5566
1813,Rampager,Torrent Fall,2244,1,2023-08-03T06:50:04.000Z,https://universalis.app/market/1813
5075,Darksteel Plate,Alice Flameheart,6000,12,2023-07-14T04:00:03.000Z,https://universalis.app/market/5075
5572,Rampager Head,Ayumi Tenshi,2998,2,2023-07-27T08:05:21.000Z,https://universalis.app/market/5572
1820,Bone Harpoon,Charlie Vanliew,5000,1,2023-07-13T20:29:39.000Z,https://universalis.app/market/1820
5503,Animal Glue,Liliana Vermillion,350,1,2023-08-04T02:38:01.000Z,https://universalis.app/market/5503
1821,Bronze Spear,Mama Chunk,5000,1,2023-07-30T00:26:12.000Z,https://universalis.app/market/1821
5482,Fish Oil,Ravin Taimat,300,3,2023-07-22T12:45:05.000Z,https://universalis.app/market/5482
1822,Ramhorn Harpoon,Squidly Inkerton,1999,1,2023-07-22T22:30:24.000Z,https://universalis.app/market/1822
1823,Feathered Harpoon,Lil' Stomper,25000,1,2023-07-25T17:03:58.000Z,https://universalis.app/market/1823
5352,Crow Feather,Lian Feng,2000,2,2023-07-21T14:55:02.000Z,https://universalis.app/market/5352
5433,Soiled Femur,Psycho Starkiller,301,1,2023-07-22T02:09:56.000Z,https://universalis.app/market/5433
1824,Brass Spear,Momo Heartlily,200,1,2023-08-02T22:46:42.000Z,https://universalis.app/market/1824
1825,Iron Spear,Meteor Selch,45000,1,2023-08-03T09:00:40.000Z,https://universalis.app/market/1825
1827,Iron Lance,Ultra Violent,25000,1,2023-07-13T03:17:44.000Z,https://universalis.app/market/1827
1833,Iron Guisarme,Grim Hyrr,1000,1,2023-07-23T18:29:31.000Z,https://universalis.app/market/1833
1836,Silver Battle Fork,Jomiel Rosenrime,11000,1,2023-08-08T13:55:09.000Z,https://universalis.app/market/1836
5484,Crab Oil,Haydos Thefool,5000,2,2023-07-29T08:21:51.000Z,https://universalis.app/market/5484
1838,Steel Halberd,Telos Verum,5000,1,2023-08-04T02:02:04.000Z,https://universalis.app/market/1838
1845,Steel Spear,Darius Bladesworn,18000,1,2023-08-04T06:18:59.000Z,https://universalis.app/market/1845
1847,Heavy Steel Lance,T' Dazz,10000,1,2023-07-31T03:06:59.000Z,https://universalis.app/market/1847
1850,Yarzonshell Harpoon,Laurial Sylvaranth,26000,1,2023-08-01T01:20:59.000Z,https://universalis.app/market/1850
5454,Yellow Yarzon Leg,Mirabella Mercer,35,1,2023-07-27T23:04:29.000Z,https://universalis.app/market/5454
1855,Mythril Lance,Sun's Core,22000,1,2023-07-21T23:59:28.000Z,https://universalis.app/market/1855
1862,Cobalt Halberd,Greef Groff,49999,1,2023-08-01T15:26:59.000Z,https://universalis.app/market/1862
1867,Cobalt Trident,Alice Vibing,30000,1,2023-07-28T20:49:15.000Z,https://universalis.app/market/1867
5486,Shark Oil,Jeeves Fraideoux,4444,1,2023-07-15T00:28:34.000Z,https://universalis.app/market/5486
1871,Vintage Guisarme,Kiso Mihata,9699,1,2023-07-21T00:39:32.000Z,https://universalis.app/market/1871
9,Ice Crystal,Nyx Severin,175,50,2023-08-01T00:33:55.000Z,https://universalis.app/market/9
1840,Crooked Guisarme,Ayumi Tenshi,500,1,2023-07-17T11:21:41.000Z,https://universalis.app/market/1840
1872,Hart Guisarme,Buttered Pancakes,24000,1,2023-07-29T17:49:22.000Z,https://universalis.app/market/1872
1875,Giantsgall Trident,Gabineaux Merthelin,1100,1,2023-08-01T01:40:10.000Z,https://universalis.app/market/1875
1879,Champion's Lance,Babs Wabbit,65000,1,2023-07-31T01:04:57.000Z,https://universalis.app/market/1879
5565,Bloody Lance Head,Dark Sunshine,4000,1,2023-08-05T04:31:27.000Z,https://universalis.app/market/5565
1882,Obelisk,Yuri Alkonost,1064,1,2023-07-29T03:33:02.000Z,https://universalis.app/market/1882
5573,Obelisk Head,Ziggy Yiji,2800,1,2023-07-21T09:11:05.000Z,https://universalis.app/market/5573
1891,Maple Shortbow,Ilia Riju,4999,1,2023-07-31T20:49:16.000Z,https://universalis.app/market/1891
5333,Hempen Yarn,Big Steppy,111,99,2023-08-09T19:00:06.000Z,https://universalis.app/market/5333
1892,Maple Longbow,Bobby Boo,1000,1,2023-07-20T12:05:01.000Z,https://universalis.app/market/1892
5396,Maple Branch,Luna Knightshade,15000,5,2023-07-23T17:17:40.000Z,https://universalis.app/market/5396
1893,Plumed Maple Shortbow,Miki Softpaws,300,1,2023-07-18T13:02:01.000Z,https://universalis.app/market/1893
5351,Cock Feather,Mangy Wangy,36,48,2023-08-08T16:05:31.000Z,https://universalis.app/market/5351
1894,Wrapped Maple Longbow,Tora Kufambisa,1200,1,2023-07-23T03:28:58.000Z,https://universalis.app/market/1894
5402,Ash Branch,Eldon Hilltop,300,12,2023-08-06T22:17:47.000Z,https://universalis.app/market/5402
1895,Ash Shortbow,Alok Amanomasa,4985,1,2023-07-20T01:30:22.000Z,https://universalis.app/market/1895
1897,Elm Longbow,Garth Uthol,3000,1,2023-07-21T05:00:22.000Z,https://universalis.app/market/1897
5334,Cotton Yarn,Neff En,500,1,2023-07-28T20:59:55.000Z,https://universalis.app/market/5334
1899,Elm Velocity Bow,Claudio Killganon,218,1,2023-07-27T20:45:49.000Z,https://universalis.app/market/1899
1905,Wrapped Elm Longbow,Kino Reinhardt,9998,1,2023-07-19T23:34:38.000Z,https://universalis.app/market/1905
1908,Ash Composite Bow,Liver Wurst,15000,1,2023-08-02T17:37:09.000Z,https://universalis.app/market/1908
1915,Ash Cavalry Bow,Umbra Eons,16000,1,2023-08-08T03:19:36.000Z,https://universalis.app/market/1915
5409,Oak Branch,Sophie Cebella,600,5,2023-07-21T04:49:45.000Z,https://universalis.app/market/5409
1917,Oak Longbow,Pyper Molkot,50000,1,2023-07-17T16:48:12.000Z,https://universalis.app/market/1917
5336,Linen Yarn,Ziforia Willosprig,3000,5,2023-07-23T01:09:41.000Z,https://universalis.app/market/5336
1920,Mythril Cavalry Bow,Kaidyn Amare,25000,1,2023-07-24T23:50:15.000Z,https://universalis.app/market/1920
1925,Oak Composite Bow,Ari Kamikura,50000,1,2023-08-07T06:38:07.000Z,https://universalis.app/market/1925
1932,Cobalt Cavalry Bow,Katarina Powers,19998,1,2023-07-18T02:58:07.000Z,https://universalis.app/market/1932
1937,Yew Longbow,Vile Corruption,39999,1,2023-08-02T08:00:48.000Z,https://universalis.app/market/1937
1941,Vintage Bow,Garth Uthole,19998,1,2023-08-01T20:22:11.000Z,https://universalis.app/market/1941
1942,Crab Bow,Xavion Qestir,80000,1,2023-08-08T21:38:27.000Z,https://universalis.app/market/1942
5462,Red Coral,Cyclic Law,6666,1,2023-07-26T20:09:42.000Z,https://universalis.app/market/5462
1945,Giantsgall Longbow,Miki Softpaws,1000,1,2023-07-18T13:01:48.000Z,https://universalis.app/market/1945
7583,Mossy Stone Bow,Chenzira Duskryn,300000,1,2023-07-21T04:52:55.000Z,https://universalis.app/market/7583
1949,Longarm's Composite Bow,Saka Blossom,84399,1,2023-08-05T10:35:16.000Z,https://universalis.app/market/1949
5568,Bloody Bow Rim,Petrichor Tia,2998,1,2023-07-13T20:50:33.000Z,https://universalis.app/market/5568
1953,Sarnga,Garth Uthole,5545,1,2023-08-02T04:21:53.000Z,https://universalis.app/market/1953
15,Ice Cluster,Amber Wood,45,500,2023-07-30T09:50:44.000Z,https://universalis.app/market/15
16,Wind Cluster,Valentyne Miret-moor,6000,30,2023-07-30T03:53:02.000Z,https://universalis.app/market/16
5574,Sarnga Limb,Ayumi Tenshi,2200,2,2023-07-17T11:23:46.000Z,https://universalis.app/market/5574
1958,Maple Wand,Celosia Rilei,10000,1,2023-07-15T18:15:51.000Z,https://universalis.app/market/1958
6,Lightning Shard,Dark Sunshine,175,55,2023-07-27T06:16:42.000Z,https://universalis.app/market/6
7,Water Shard,Kaneki Ghoul,90,1000,2023-07-29T02:08:30.000Z,https://universalis.app/market/7
5470,Growth Formula Alpha,Eagle Stonewall,1000,6,2023-07-29T23:37:37.000Z,https://universalis.app/market/5470
1959,Whispering Maple Wand,Kaeya Arulaq,10000,1,2023-07-14T01:31:07.000Z,https://universalis.app/market/1959
1960,Budding Maple Wand,Rikku Bigdong,12500,1,2023-07-24T04:08:57.000Z,https://universalis.app/market/1960
5492,Beastkin Blood,Vodka Fun,1800000,1,2023-08-01T20:49:35.000Z,https://universalis.app/market/5492
1961,Ash Wand,Naomi Kusakari,34500,1,2023-07-30T01:52:08.000Z,https://universalis.app/market/1961
5471,Growth Formula Beta,Eldon Hilltop,3999,1,2023-07-24T00:52:41.000Z,https://universalis.app/market/5471
1963,Budding Ash Wand,Zarya Zo,10000,1,2023-07-18T03:04:11.000Z,https://universalis.app/market/1963
1965,Whispering Ash Wand,Arbor Ataraxia,6999,1,2023-07-15T16:09:58.000Z,https://universalis.app/market/1965
5493,Scalekin Blood,Genbu Ushikai,1000,5,2023-07-15T00:54:17.000Z,https://universalis.app/market/5493
1967,Yew Wand,Shakkal Mhakaracca,50000,1,2023-07-27T21:19:35.000Z,https://universalis.app/market/1967
1969,Budding Yew Wand,Hybrid Arknight,30000,1,2023-07-22T06:16:32.000Z,https://universalis.app/market/1969
1971,Budding Oak Wand,C'tadhara Kettha,25500,1,2023-07-28T21:46:31.000Z,https://universalis.app/market/1971
4603,Hi-Potion of Mind,Astrum Volk,1000,3,2023-08-01T02:23:40.000Z,https://universalis.app/market/4603
1974,Wand of Frost,Amelia Ponz,20000,1,2023-07-21T02:26:27.000Z,https://universalis.app/market/1974
5199,Eye of Ice,Lust Ul'timecia,189,1,2023-07-31T02:10:06.000Z,https://universalis.app/market/5199
5472,Growth Formula Gamma,Kikka Kobayashi,15000,2,2023-07-25T01:21:46.000Z,https://universalis.app/market/5472
1976,Wand of Tremors,Bocchizilla Kadar,15000,1,2023-07-25T02:30:21.000Z,https://universalis.app/market/1976
5201,Eye of Earth,Vind Gnyr,50,2,2023-07-19T04:53:45.000Z,https://universalis.app/market/5201
1978,Wand of Tides,C'tadhara Kettha,24998,1,2023-07-27T20:05:51.000Z,https://universalis.app/market/1978
5203,Eye of Water,Solaara Windynn,19,5,2023-07-27T20:03:25.000Z,https://universalis.app/market/5203
1981,Wand of Flames,Wooj Wooj,340,1,2023-08-03T00:43:28.000Z,https://universalis.app/market/1981
5198,Eye of Fire,Alyaerys Chandler,1000,2,2023-07-18T03:38:22.000Z,https://universalis.app/market/5198
1983,Wand of Gales,Unicorn Plant,7999,1,2023-08-02T02:29:02.000Z,https://universalis.app/market/1983
5200,Eye of Wind,Erenville Gleaner,99,2,2023-07-28T19:49:52.000Z,https://universalis.app/market/5200
5202,Eye of Lightning,Petrichor Tia,200,1,2023-07-18T20:53:42.000Z,https://universalis.app/market/5202
1987,Budding Rosewood Wand,Sahzsha Bloodmourn,60000,1,2023-07-13T22:37:54.000Z,https://universalis.app/market/1987
4608,Mega-Potion of Mind,Sahzsha Bloodmourn,8000,3,2023-07-13T22:26:37.000Z,https://universalis.app/market/4608
5494,Spoken Blood,Robin Fates,1000,11,2023-07-30T20:54:41.000Z,https://universalis.app/market/5494
1996,Maple Cane,Lanche Devereaux,5000,1,2023-08-02T21:46:47.000Z,https://universalis.app/market/1996
1997,Maple Crook,Meteor Selch,15000,1,2023-07-27T20:48:46.000Z,https://universalis.app/market/1997
1998,Ash Radical,Ladislas Braddock,29000,1,2023-07-14T03:18:45.000Z,https://universalis.app/market/1998
2000,Elm Cane,Pennie Hofstadter,5000,1,2023-07-22T23:57:57.000Z,https://universalis.app/market/2000
2002,Elm Crook,Bocchizilla Kadar,900,1,2023-07-24T03:50:32.000Z,https://universalis.app/market/2002
2004,Yew Radical,Ukina Holt,5000,1,2023-08-04T04:25:04.000Z,https://universalis.app/market/2004
2010,Pastoral Yew Cane,Bexi Cogpocket,2026,1,2023-07-26T06:05:16.000Z,https://universalis.app/market/2010
2011,Yew Crook,Sierra Northwind,5000,1,2023-07-30T20:28:31.000Z,https://universalis.app/market/2011
2015,Walnut Cane,D'sheng Tia,22036,1,2023-07-20T18:44:12.000Z,https://universalis.app/market/2015
2021,Plumed Yew Crook,Mira Stefanova,15000,1,2023-08-04T08:07:37.000Z,https://universalis.app/market/2021
2023,Oak Radical,Daphne Mae,12000,1,2023-07-24T16:37:10.000Z,https://universalis.app/market/2023
2026,Pastoral Oak Cane,Sager Step-on-me,20000,1,2023-07-19T17:57:14.000Z,https://universalis.app/market/2026
2030,Sprouting Rosewood Radical,Slightly Knknt,15000,1,2023-08-08T20:02:28.000Z,https://universalis.app/market/2030
2039,Jade Crook,Vile Corruption,45000,1,2023-08-02T08:00:33.000Z,https://universalis.app/market/2039
2041,Vintage Cane,Gillie Bo,18998,1,2023-08-02T03:23:46.000Z,https://universalis.app/market/2041
2044,Pastoral Mahogany Cane,Indy Beninging,11999,1,2023-07-30T17:12:23.000Z,https://universalis.app/market/2044
5335,Dew Thread,Aireo Buni,5000,2,2023-08-08T14:18:34.000Z,https://universalis.app/market/5335
2047,Tane Mahuta,Reese Reese,34990,1,2023-07-16T21:26:25.000Z,https://universalis.app/market/2047
5555,Ochu Vine,My Mirage,1994,10,2023-07-24T21:48:22.000Z,https://universalis.app/market/5555
2048,Giantsgall Cane,Sanctus Domina,2000,1,2023-07-24T03:07:54.000Z,https://universalis.app/market/2048
2049,Madman's Whispering Rod,Ahri Vesani,99400,1,2023-07-18T10:50:20.000Z,https://universalis.app/market/2049
12,Lightning Crystal,Aliiza Duskryn,60001,15,2023-07-14T05:23:06.000Z,https://universalis.app/market/12
13,Water Crystal,Bebe Nishiro,224,101,2023-07-27T20:33:16.000Z,https://universalis.app/market/13
5473,Growth Formula Delta,Ayame Haragin,4800,2,2023-08-07T19:35:42.000Z,https://universalis.app/market/5473
5537,Thavnairian Mistletoe,Goopy Butter,1000,18,2023-07-18T02:05:52.000Z,https://universalis.app/market/5537
5547,Vampire Plant,Ms Eldari,190,11,2023-07-17T21:07:07.000Z,https://universalis.app/market/5547
2051,Alkalurops,Althea Amaryllis,1100,1,2023-08-05T22:53:45.000Z,https://universalis.app/market/2051
5575,Suspended Trillium Flower,Didrianna Winterset,2200,2,2023-08-05T21:48:36.000Z,https://universalis.app/market/5575
2056,Bone Brand,Ophellie Song,5000,1,2023-07-14T13:44:16.000Z,https://universalis.app/market/2056
5197,Marbled Eye,Blank Slate,500,1,2023-08-01T20:02:44.000Z,https://universalis.app/market/5197
2057,Copper Scepter,Monka Yesss,2000,1,2023-07-17T06:16:43.000Z,https://universalis.app/market/2057
5062,Copper Ingot,Rikku Bigdong,100,1,2023-08-01T04:18:28.000Z,https://universalis.app/market/5062
2058,Bronze Scepter,Lanche Devereaux,5000,1,2023-08-07T17:58:00.000Z,https://universalis.app/market/2058
2059,Brass Cudgel,Jolly Greengiant,600,1,2023-08-05T00:29:53.000Z,https://universalis.app/market/2059
2061,Decorated Copper Scepter,Rasandria Heavensfall,7500,1,2023-08-07T07:04:23.000Z,https://universalis.app/market/2061
5258,Ragstone Whetstone,Alpha Kitten,2200,3,2023-07-29T15:41:20.000Z,https://universalis.app/market/5258
2063,Wind Brand,Haru Kofauna,1015,1,2023-07-26T01:02:22.000Z,https://universalis.app/market/2063
2066,Ice Brand,Krit Djt-gilda,2500,1,2023-07-21T19:34:33.000Z,https://universalis.app/market/2066
2069,Silver Scepter,Monka Yesss,4000,1,2023-07-17T16:13:46.000Z,https://universalis.app/market/2069
5527,Brimstone,Paranormal Dro,800,3,2023-07-16T05:05:38.000Z,https://universalis.app/market/5527
2071,Earth Brand,Penguin Tree,28999,1,2023-07-14T22:33:14.000Z,https://universalis.app/market/2071
2076,Decorated Silver Scepter,Meatt Boneswitch,10000,1,2023-08-02T15:27:12.000Z,https://universalis.app/market/2076
2078,Fire Brand,Mireille Dalbray,30000,1,2023-07-17T01:17:11.000Z,https://universalis.app/market/2078
2083,Lightning Brand,Naomi Darkcloud,6315,1,2023-08-07T23:59:40.000Z,https://universalis.app/market/2083
2088,Electrum Scepter,Xanfair Saberfang,19994,1,2023-07-20T09:11:15.000Z,https://universalis.app/market/2088
5489,Quicksilver,Ei Kuro,1000,6,2023-07-15T11:33:49.000Z,https://universalis.app/market/5489
2093,Vintage Cudgel,Llaria Jade,24999,1,2023-07-29T00:15:12.000Z,https://universalis.app/market/2093
2068,Damaged Cudgel,Ayumi Tenshi,4500,1,2023-08-09T05:27:36.000Z,https://universalis.app/market/2068
5092,Iron Rivets,Lecy Valentine,6002,4,2023-07-26T19:35:24.000Z,https://universalis.app/market/5092
2094,Water Brand,Faul'st Helio,27000,1,2023-07-15T02:00:12.000Z,https://universalis.app/market/2094
2097,Jade Scepter,Krissy Creighton,8000,1,2023-07-23T00:45:27.000Z,https://universalis.app/market/2097
5168,Jade,Lemon Fernsprout,300,3,2023-08-03T17:44:08.000Z,https://universalis.app/market/5168
5439,Ogre Horn,Ms Eldari,225,1,2023-08-06T04:38:48.000Z,https://universalis.app/market/5439
2102,Sanguine Scepter,Altair Dornar,98700,1,2023-07-28T06:08:12.000Z,https://universalis.app/market/2102
5206,Pinprick Pebble,Ky Narukami,2000,1,2023-08-02T00:31:06.000Z,https://universalis.app/market/5206
2106,Bone Staff,Mimi Kyu,5000,1,2023-07-28T04:06:52.000Z,https://universalis.app/market/2106
2107,Ramhorn Staff,Daphne Mae,3000,1,2023-07-15T13:45:59.000Z,https://universalis.app/market/2107
2108,Decorated Bone Staff,Daphne Mae,10000,1,2023-07-20T23:17:03.000Z,https://universalis.app/market/2108
5442,Bat Fang,Rei Sasaki,1001,5,2023-08-07T04:04:31.000Z,https://universalis.app/market/5442
2111,Staghorn Staff,Nakji Bokkeum,35000,1,2023-07-27T22:31:04.000Z,https://universalis.app/market/2111
2116,Sanguine Horn Staff,Jenova's Witnes,2000,1,2023-07-18T23:59:13.000Z,https://universalis.app/market/2116
2118,Toothed Staghorn Staff,Du Um,2500,1,2023-08-02T04:36:10.000Z,https://universalis.app/market/2118
2121,Goathorn Staff,Solthael Lightbringer,8100,1,2023-07-24T12:37:36.000Z,https://universalis.app/market/2121
2123,Toothed Goathorn Staff,Reese Reese,8350,1,2023-07-19T10:56:56.000Z,https://universalis.app/market/2123
2125,Horn Staff,Aemlus Karlc,78000,1,2023-07-16T07:52:57.000Z,https://universalis.app/market/2125
2130,Black Horn Staff,Rhel'i Garnor,10000,1,2023-07-13T23:45:31.000Z,https://universalis.app/market/2130
2133,Ivory Staff,Arbor Ataraxia,24999,1,2023-07-19T23:45:25.000Z,https://universalis.app/market/2133
2136,Giantsgall Longstaff,Gabineaux Merthelin,999,1,2023-08-01T01:44:20.000Z,https://universalis.app/market/2136
2139,Astrolabe,Gala Gala,1400,1,2023-07-29T18:40:16.000Z,https://universalis.app/market/2139
5576,Astrolabe Clinometer,Didrianna Winterset,2300,2,2023-07-16T00:54:06.000Z,https://universalis.app/market/5576
2143,Leather Grimoire,Reamus Dracht,11005,1,2023-07-21T20:11:02.000Z,https://universalis.app/market/2143
5380,Maple Log,Rei Demi,50000,20,2023-08-07T02:49:56.000Z,https://universalis.app/market/5380
5475,Enchanted Copper Ink,Pluvia Djt-setlas,1000,2,2023-07-21T18:59:40.000Z,https://universalis.app/market/5475
2144,Maple Picatrix,Ish't Ara'ara,10339,1,2023-07-27T11:30:00.000Z,https://universalis.app/market/2144
2145,Engraved Leather Grimoire,Eluna Wormwood,8000,1,2023-07-24T21:51:22.000Z,https://universalis.app/market/2145
5383,Ash Log,Genbu Ushikai,320,30,2023-07-14T03:38:41.000Z,https://universalis.app/market/5383
2146,Ash Picatrix,Bibimbap Yoli,9999,1,2023-07-24T22:50:44.000Z,https://universalis.app/market/2146
2147,Hard Leather Grimoire,Mike Littleperson,50000,1,2023-07-28T16:38:14.000Z,https://universalis.app/market/2147
5385,Elm Log,Frost Knight,1000,10,2023-07-19T11:36:54.000Z,https://universalis.app/market/5385
5476,Enchanted Iron Ink,Blyssbryda Styrnlona,600,2,2023-08-06T21:07:28.000Z,https://universalis.app/market/5476
2149,Engraved Hard Leather Grimoire,Japchae Jidan,19000,1,2023-07-29T23:08:21.000Z,https://universalis.app/market/2149
5386,Yew Log,Demora Astrid,400,1,2023-07-30T23:14:37.000Z,https://universalis.app/market/5386
2151,Yew Picatrix,Ari Kamikura,24000,1,2023-07-31T08:18:28.000Z,https://universalis.app/market/2151
2156,Goatskin Grimoire,Keygon Drakenguard,17000,1,2023-08-07T00:56:59.000Z,https://universalis.app/market/2156
5477,Enchanted Silver Ink,Treper Merick,7500,1,2023-08-09T05:01:34.000Z,https://universalis.app/market/5477
2160,Engraved Goatskin Grimoire,Sum Yumi,95238095,1,2023-08-03T08:04:28.000Z,https://universalis.app/market/2160
5388,Walnut Log,Lenus Kisaragi,10000,3,2023-08-06T22:07:04.000Z,https://universalis.app/market/5388
2166,Book of Silver,Rue Bix-kyoob,12999,1,2023-07-27T07:22:04.000Z,https://universalis.app/market/2166
5390,Oak Log,Pussaii Destroair,900,7,2023-08-08T20:25:24.000Z,https://universalis.app/market/5390
2169,Embossed Book of Silver,Jindal Lae,20000,1,2023-08-07T23:59:42.000Z,https://universalis.app/market/2169
2174,Book of Mythril,Lumia Lander,39750,1,2023-07-27T20:28:13.000Z,https://universalis.app/market/2174
5346,Flax,Apollo Coyopa,500,14,2023-07-22T17:46:43.000Z,https://universalis.app/market/5346
5478,Enchanted Mythril Ink,Mystery Of'shadowhall,2000,2,2023-07-29T03:23:06.000Z,https://universalis.app/market/5478
2184,Vintage Picatrix,Minz Nbolo,30000,1,2023-07-17T08:53:59.000Z,https://universalis.app/market/2184
2158,Brittle Picatrix,Garth Minqoti,3942,1,2023-07-25T04:00:45.000Z,https://universalis.app/market/2158
2185,Book of Electrum,Panda Zeronos,3600,1,2023-07-16T00:45:46.000Z,https://universalis.app/market/2185
5337,Woolen Yarn,Fizz Foundthorn,1950,10,2023-07-18T01:43:43.000Z,https://universalis.app/market/5337
5393,Rosewood Log,Lilia Iris,490,69,2023-07-28T00:18:23.000Z,https://universalis.app/market/5393
5479,Enchanted Electrum Ink,Aubrey Calpurnia,750,1,2023-07-31T20:24:29.000Z,https://universalis.app/market/5479
2189,Embossed Book of Electrum,Feelgood Winhouse,20104,1,2023-07-22T21:18:04.000Z,https://universalis.app/market/2189
2193,Cantamina Thavnaria,Kitty Vampirus,2000,1,2023-07-27T02:43:12.000Z,https://universalis.app/market/2193
5481,Enchanted Rose Gold Ink,Lok Xiao,1000,1,2023-07-25T20:57:00.000Z,https://universalis.app/market/5481
2194,Medica Thavnaria,Mysterious Tatertot,900,1,2023-08-08T01:08:09.000Z,https://universalis.app/market/2194
2201,Erudite's Picatrix of Healing,Xion Zero,74400,1,2023-07-16T03:19:58.000Z,https://universalis.app/market/2201
5480,Enchanted Gold Ink,Bethov Thy,602,2,2023-08-07T13:23:56.000Z,https://universalis.app/market/5480
5569,Bloody Grimoire Binding,Rose Apothecary,2600,2,2023-08-05T02:50:35.000Z,https://universalis.app/market/5569
2202,Erudite's Picatrix of Casting,Synn Orious,94200,1,2023-07-30T01:14:58.000Z,https://universalis.app/market/2202
2211,Deus Ex Verbis,Acacia Yarrow,840,1,2023-08-07T16:44:16.000Z,https://universalis.app/market/2211
5338,Silk Thread,Mystery Of'shadowhall,4000,5,2023-08-09T18:34:24.000Z,https://universalis.app/market/5338
2212,Deus Ex Gratia,Iphigenia Aulis,1550,1,2023-08-03T00:19:57.000Z,https://universalis.app/market/2212
2219,Square Maple Shield,Helinda Wynter,4900,1,2023-07-13T01:22:02.000Z,https://universalis.app/market/2219
5091,Bronze Rivets,Sircloud Firstclass,550,37,2023-08-06T21:56:43.000Z,https://universalis.app/market/5091
12524,Titanium Nugget,Ayla Qayin,3500,1,2023-07-15T20:49:15.000Z,https://universalis.app/market/12524
12529,Titanium Rivets,Little Navigator,12994,3,2023-08-09T20:46:40.000Z,https://universalis.app/market/12529
12658,Dusk Leather,Karma Mitsuke,474000,1,2023-07-30T19:16:53.000Z,https://universalis.app/market/12658
2226,Bronze Hoplon,Tteok Bokki,5000,1,2023-07-19T08:25:24.000Z,https://universalis.app/market/2226
5071,Bronze Plate,Velyra Le'poridae,900,3,2023-08-07T18:58:42.000Z,https://universalis.app/market/5071
2228,Round Shield,R'akto Tia,4999,1,2023-07-16T02:00:38.000Z,https://universalis.app/market/2228
2229,Leather Targe,Pennie Hofstadter,1000,1,2023-07-22T22:22:10.000Z,https://universalis.app/market/2229
2230,Bronze Scutum,Ish't Ara'ara,744,1,2023-07-23T20:09:52.000Z,https://universalis.app/market/2230
2231,Bronze Buckler,Zeara Bellville,15000,1,2023-07-15T00:43:35.000Z,https://universalis.app/market/2231
2233,Square Ash Shield,Meteor Selch,15975,1,2023-08-01T06:37:47.000Z,https://universalis.app/market/2233
2236,Iron Hoplon,Nira Night,43000,1,2023-08-01T03:50:23.000Z,https://universalis.app/market/2236
2238,Vintage Square Shield,Bexi Cogpocket,19999,1,2023-08-01T04:22:08.000Z,https://universalis.app/market/2238
2224,Worm-eaten Square Shield,Delta'li Twiffal,1000,1,2023-07-14T07:52:03.000Z,https://universalis.app/market/2224
4859,Cider Vinegar,Astrid Highwind,2002,11,2023-07-31T21:47:33.000Z,https://universalis.app/market/4859
2239,Ironclad Bronze Buckler,Forgiven Wrath,755,1,2023-08-02T16:01:00.000Z,https://universalis.app/market/2239
2241,Iron Lantern Shield,Reamus Dracht,7000,1,2023-07-29T20:36:13.000Z,https://universalis.app/market/2241
5998,Tallow Candle,Monet Seyr,2000,1,2023-08-07T02:14:40.000Z,https://universalis.app/market/5998
2242,Iron Scutum,Daeji Bulgogi,10000,1,2023-08-03T03:26:37.000Z,https://universalis.app/market/2242
2225,Tarnished Hoplon,Travesty Rivia,3000,1,2023-07-25T20:35:09.000Z,https://universalis.app/market/2225
2246,Viper-crested Round Shield,Naomi Kusakari,2500,1,2023-08-06T18:05:40.000Z,https://universalis.app/market/2246
2248,Iron Kite Shield,Eldaritch Caervarys,15000,1,2023-07-18T22:36:48.000Z,https://universalis.app/market/2248
2250,Goatskin Targe,Aurec Adaeus,8500,1,2023-07-27T21:34:10.000Z,https://universalis.app/market/2250
5093,Steel Rivets,Pepper Jac,3000,1,2023-07-24T20:53:06.000Z,https://universalis.app/market/5093
2257,Bull Hoplon,Spllyn Iam,6000,1,2023-08-05T18:06:33.000Z,https://universalis.app/market/2257
2260,Decorated Buckler,Delta'li Twiffal,23999,1,2023-07-14T07:52:08.000Z,https://universalis.app/market/2260
2262,Decorated Iron Scutum,Layah O'rhora,3000,1,2023-07-24T01:07:08.000Z,https://universalis.app/market/2262
2264,Vintage Buckler,Mellala Lala,6000,1,2023-07-28T19:20:52.000Z,https://universalis.app/market/2264
2268,Bladed Lantern Shield,Sonatia Eikyuu,8000,1,2023-07-22T08:08:34.000Z,https://universalis.app/market/2268
2270,Raptorskin Targe,Obsidian Hellsworth,39999,1,2023-08-02T06:40:01.000Z,https://universalis.app/market/2270
5099,Mythril Rivets,Myra Angura,11979,1,2023-07-29T23:58:58.000Z,https://universalis.app/market/5099
2278,Vintage Scutum,Fer Coeur,19999,1,2023-08-02T23:52:44.000Z,https://universalis.app/market/2278
2232,Rusting Scutum,Yasuo Battlepass,40000,1,2023-07-28T17:05:53.000Z,https://universalis.app/market/2232
2279,Cobalt Scutum,C'tadhara Kettha,4500,1,2023-07-29T23:26:59.000Z,https://universalis.app/market/2279
5094,Cobalt Rivets,Argen Veltterrage,5000,1,2023-07-21T01:07:29.000Z,https://universalis.app/market/5094
2287,Eagle-crested Round Shield,Kaidyn Amare,8000,1,2023-07-29T03:03:55.000Z,https://universalis.app/market/2287
2289,Vintage Round Shield,Reprobi Canticum,4999,1,2023-07-14T14:16:14.000Z,https://universalis.app/market/2289
2237,Rotting Round Shield,Ayumi Tenshi,10000,1,2023-07-17T11:19:40.000Z,https://universalis.app/market/2237
5228,Ragstone,Novice Retainer,898,2,2023-07-31T07:40:48.000Z,https://universalis.app/market/5228
5517,Lanolin,Alantie Mornie,1000,1,2023-08-04T18:27:53.000Z,https://universalis.app/market/5517
2294,Kite Shield,Masha Sochz,4999,1,2023-07-15T15:35:40.000Z,https://universalis.app/market/2294
2296,Cobalt Bladed Lantern Shield,Adevar Sartus,11999,1,2023-07-27T21:03:01.000Z,https://universalis.app/market/2296
2298,Oxblood Targe,Aurora Moonstar,15000,1,2023-07-23T03:27:34.000Z,https://universalis.app/market/2298
2300,Vintage Kite Shield,Finia Starlight,15000,1,2023-07-18T21:51:54.000Z,https://universalis.app/market/2300
2259,Scarred Kite Shield,Ayumi Tenshi,4475,1,2023-07-27T07:17:34.000Z,https://universalis.app/market/2259
2302,Darksteel Scutum,Spllyn Iam,6000,1,2023-07-31T17:48:31.000Z,https://universalis.app/market/2302
5060,Darksteel Ingot,Dante Osaka,12004,6,2023-07-14T20:36:24.000Z,https://universalis.app/market/5060
5095,Darksteel Rivets,Ayame Haragin,8000,1,2023-08-06T04:23:53.000Z,https://universalis.app/market/5095
2303,Darksteel Buckler,Sol Deluna,3692,1,2023-07-21T00:36:32.000Z,https://universalis.app/market/2303
2304,Spruce Round Shield,Airy Meliora,2000,1,2023-07-17T01:17:18.000Z,https://universalis.app/market/2304
5379,Treated Spruce Lumber,Valentyne Miret-moor,19999,2,2023-07-30T02:37:14.000Z,https://universalis.app/market/5379
2315,Bronze Saw,Meteor Selch,19999,1,2023-07-20T22:04:26.000Z,https://universalis.app/market/2315
2316,Amateur's Saw,Lady Kibby,800,1,2023-08-04T01:42:22.000Z,https://universalis.app/market/2316
2317,Chocobotail Saw,Myo Fionnlagh,1114,1,2023-07-31T19:02:24.000Z,https://universalis.app/market/2317
2318,Initiate's Saw,Meteor Selch,50000,1,2023-08-01T06:38:20.000Z,https://universalis.app/market/2318
2319,Bas-relief Iron Saw,Yugi Momo,5000,1,2023-08-01T05:56:22.000Z,https://universalis.app/market/2319
2320,Iron Chocobotail Saw,Sangurama Sankuro,1149,1,2023-07-30T20:28:47.000Z,https://universalis.app/market/2320
2321,Bas-relief Steel Saw,Zaia Serafall,40000,1,2023-07-13T10:46:54.000Z,https://universalis.app/market/2321
2322,Crosscut Saw,Adelena Blackburn,1000,1,2023-07-26T12:09:22.000Z,https://universalis.app/market/2322
2323,Mythril Saw,Trisana Nightborne,24999,1,2023-07-15T20:40:30.000Z,https://universalis.app/market/2323
2324,Mythril Chocobotail Saw,Xavion Qestir,2999,1,2023-08-01T19:39:48.000Z,https://universalis.app/market/2324
2325,Bas-relief Cobalt Saw,Tifaisbae Lockhart,54999,1,2023-08-08T13:07:28.000Z,https://universalis.app/market/2325
2328,Amateur's Claw Hammer,Xau Relanah,2000,1,2023-08-06T00:19:25.000Z,https://universalis.app/market/2328
2331,Iron Claw Hammer,Zaia Serafall,10000,1,2023-07-13T10:47:22.000Z,https://universalis.app/market/2331
5483,Jellyfish Humours,Hi'den Ina'box,999,3,2023-08-02T02:40:07.000Z,https://universalis.app/market/5483
2332,Initiate's Claw Hammer,Sangurama Sankuro,3000,1,2023-07-30T20:28:54.000Z,https://universalis.app/market/2332
2334,Steel Claw Hammer,Marishaten Ryu,20000,1,2023-07-25T06:02:33.000Z,https://universalis.app/market/2334
2335,Wrapped Steel Claw Hammer,Arbor Ataraxia,15000,1,2023-07-14T01:15:22.000Z,https://universalis.app/market/2335
5485,Linseed Oil,Denauli Ito,3500,1,2023-07-17T23:18:21.000Z,https://universalis.app/market/5485
2338,Cobalt Claw Hammer,Dookie Dookie,35000,1,2023-07-30T04:23:55.000Z,https://universalis.app/market/2338
2339,Militia Claw Hammer,Fiadh Deoir,40000,1,2023-07-30T23:57:35.000Z,https://universalis.app/market/2339
2341,Bronze Cross-pein Hammer,Lanche Devereaux,2000,1,2023-08-02T12:40:39.000Z,https://universalis.app/market/2341
2342,Amateur's Cross-pein Hammer,Infernal Ape,2980,1,2023-08-03T00:52:14.000Z,https://universalis.app/market/2342
2343,Birdsbeak Hammer,Subak Hwachae,5000,1,2023-07-20T23:38:00.000Z,https://universalis.app/market/2343
5325,Undyed Cotton Cloth,Thalia Ustory,1500,1,2023-07-26T04:54:57.000Z,https://universalis.app/market/5325
2344,Iron Cross-pein Hammer,Chloe Alexandra,40000,1,2023-08-02T21:46:29.000Z,https://universalis.app/market/2344
2345,Initiate's Cross-pein Hammer,Resonynce Senpai,7000,1,2023-07-20T16:28:37.000Z,https://universalis.app/market/2345
2346,Crowsbeak Hammer,Faul'st Helio,25000,1,2023-07-15T01:59:29.000Z,https://universalis.app/market/2346
2347,Heavy Crowsbeak Hammer,Infernal Ape,10000,1,2023-08-03T04:33:06.000Z,https://universalis.app/market/2347
2348,Steel Cross-pein Hammer,Noel Vallenhart,500,1,2023-07-24T22:00:25.000Z,https://universalis.app/market/2348
5326,Undyed Velveteen,Yohvu Mizuki,5000,1,2023-07-29T03:05:46.000Z,https://universalis.app/market/5326
2349,Steel Crowsbeak Hammer,Mystique Tia,20000,1,2023-07-21T16:41:57.000Z,https://universalis.app/market/2349
2350,Wrapped Crowsbeak Hammer,Zephyr Fog,39999,1,2023-08-07T07:53:55.000Z,https://universalis.app/market/2350
2351,Cobalt Cross-pein Hammer,Sumi Venphe,483,1,2023-08-03T06:21:29.000Z,https://universalis.app/market/2351
2352,Wrapped Hawksbeak Hammer,Travesty Rivia,10000,1,2023-07-26T11:18:30.000Z,https://universalis.app/market/2352
2355,Amateur's File,Infernal Ape,1000,1,2023-08-03T00:24:39.000Z,https://universalis.app/market/2355
2356,Bronze File,Milaen Fyth,1000,1,2023-07-29T23:11:31.000Z,https://universalis.app/market/2356
2359,Initiate's File,Cordelia Dawnveil,29998,1,2023-07-26T20:53:27.000Z,https://universalis.app/market/2359
2361,Steel File,Warrior Of'pink,20989,1,2023-08-04T17:08:56.000Z,https://universalis.app/market/2361
2363,Mythril File,Zaia Serafall,33999,1,2023-07-13T10:49:50.000Z,https://universalis.app/market/2363
2364,Cobalt File,Kaya Runway,70097,1,2023-07-17T00:36:06.000Z,https://universalis.app/market/2364
2365,Militia File,Zana Nelhah,29998,1,2023-07-23T00:55:01.000Z,https://universalis.app/market/2365
2367,Bronze Doming Hammer,Melody Epoch,1000,1,2023-07-29T05:54:08.000Z,https://universalis.app/market/2367
2368,Amateur's Doming Hammer,Milaen Fyth,1500,1,2023-08-05T17:16:45.000Z,https://universalis.app/market/2368
2369,Bronze Raising Hammer,Sky Ice,1199,1,2023-07-23T04:36:00.000Z,https://universalis.app/market/2369
2370,Iron Doming Hammer,Lira Reddsteele,9999,1,2023-07-16T16:59:05.000Z,https://universalis.app/market/2370
2371,Initiate's Doming Hammer,Ringdald Magic,1000,1,2023-08-01T02:43:38.000Z,https://universalis.app/market/2371
2373,Wrapped Iron Raising Hammer,Nimue Umiko,10000,1,2023-08-06T17:10:34.000Z,https://universalis.app/market/2373
2374,Steel Doming Hammer,Gon Kousei,10000,1,2023-07-31T21:50:11.000Z,https://universalis.app/market/2374
2375,Steel Raising Hammer,Trisana Nightborne,24999,1,2023-07-15T20:42:03.000Z,https://universalis.app/market/2375
2376,Cobalt Doming Hammer,Kara Kani,6000,1,2023-08-03T21:32:19.000Z,https://universalis.app/market/2376
2377,Cobalt Raising Hammer,Zeara Bellville,31998,1,2023-07-15T00:43:22.000Z,https://universalis.app/market/2377
2380,Amateur's Pliers,Reamus Dracht,1200,1,2023-07-21T20:13:24.000Z,https://universalis.app/market/2380
2381,Bronze Pliers,Reamus Dracht,5000,1,2023-07-21T20:13:41.000Z,https://universalis.app/market/2381
2383,Iron Pliers,Sierra Northwind,10000,1,2023-07-30T20:28:47.000Z,https://universalis.app/market/2383
2384,Initiate's Pliers,Nimue Umiko,10000,1,2023-08-06T17:10:41.000Z,https://universalis.app/market/2384
2386,Steel Pliers,Zaia Serafall,25000,1,2023-07-13T10:52:53.000Z,https://universalis.app/market/2386
2388,Mythril Pliers,Gwyyn Stenrathy,19999,1,2023-07-31T21:33:51.000Z,https://universalis.app/market/2388
2389,Cobalt Pliers,Kaya Runway,35000,1,2023-07-17T00:31:47.000Z,https://universalis.app/market/2389
2390,Militia Pliers,Anneli Morningstar,34999,1,2023-07-26T02:08:16.000Z,https://universalis.app/market/2390
2392,Bronze Chaser Hammer,Soulcry Bellylaugh,5006,1,2023-07-31T23:24:14.000Z,https://universalis.app/market/2392
2393,Amateur's Chaser Hammer,Rina Viras,175,1,2023-07-15T16:20:47.000Z,https://universalis.app/market/2393
2394,Bronze Ornamental Hammer,Delidoga Santoro,624,1,2023-07-13T03:50:29.000Z,https://universalis.app/market/2394
2395,Iron Chaser Hammer,Vagrant Steel,5000,1,2023-07-24T22:39:42.000Z,https://universalis.app/market/2395
2397,Iron Ornamental Hammer,Krazed Shadow,30000,1,2023-07-15T09:44:46.000Z,https://universalis.app/market/2397
2398,Steel Chaser Hammer,Travesty Rivia,5000,1,2023-07-21T23:57:13.000Z,https://universalis.app/market/2398
2399,Steel Ornamental Hammer,Frank Aloupeep,1199,1,2023-08-01T01:01:06.000Z,https://universalis.app/market/2399
2401,Mythril Lapidary Hammer,Remial Antares,8999,1,2023-08-02T11:49:59.000Z,https://universalis.app/market/2401
2402,Electrum Lapidary Hammer,Tetsuwan Birdy,35000,1,2023-07-26T23:57:15.000Z,https://universalis.app/market/2402
5183,Tourmaline,Imaji Loloaji,1000,5,2023-07-31T16:10:16.000Z,https://universalis.app/market/5183
2405,Amateur's Grinding Wheel,Cajole Koverlet,5,1,2023-07-29T20:49:33.000Z,https://universalis.app/market/2405
2406,Ragstone Grinding Wheel,Bebe Nishiro,9400,1,2023-08-07T06:19:11.000Z,https://universalis.app/market/2406
2408,Mudstone Grinding Wheel,Rowen Malha,70000,1,2023-07-30T22:03:02.000Z,https://universalis.app/market/2408
5229,Mudstone,Sager Step-on-me,950,20,2023-07-30T18:00:27.000Z,https://universalis.app/market/5229
2409,Initiate's Grinding Wheel,Aelia Wakely,7000,1,2023-07-25T01:54:38.000Z,https://universalis.app/market/2409
2411,Siltstone Grinding Wheel,Metorva Cross,10000,1,2023-08-05T21:41:12.000Z,https://universalis.app/market/2411
5231,Siltstone,Anaximander Aletheia,400,20,2023-07-14T13:26:37.000Z,https://universalis.app/market/5231
2413,Garnet Grinding Wheel,Kyoki Amaru,37999,1,2023-07-25T02:43:23.000Z,https://universalis.app/market/2413
5134,Raw Garnet,Nox Viera,130,12,2023-07-26T16:46:12.000Z,https://universalis.app/market/5134
2414,Basilisk Grinding Wheel,Ari Kamikura,20000,1,2023-07-24T04:19:55.000Z,https://universalis.app/market/2414
5263,Basilisk Egg,Norman Granville,200,1,2023-07-29T15:16:42.000Z,https://universalis.app/market/5263
2415,Militia Grinding Wheel,Lust Ul'timecia,29999,1,2023-07-22T21:25:54.000Z,https://universalis.app/market/2415
5158,Astral Rock,Yamanashi Moondragon,35,11,2023-07-20T15:39:44.000Z,https://universalis.app/market/5158
2417,Bronze Head Knife,Celosia Rilei,9890,1,2023-07-15T18:14:41.000Z,https://universalis.app/market/2417
2418,Amateur's Head Knife,Yui Kurokawa,5000,1,2023-07-13T21:24:22.000Z,https://universalis.app/market/2418
2419,Brass Head Knife,Cassie Rose,8000,1,2023-08-05T12:42:50.000Z,https://universalis.app/market/2419
2420,Initiate's Head Knife,Zaia Serafall,1500,1,2023-07-13T10:58:41.000Z,https://universalis.app/market/2420
2421,Iron Round Knife,Taplorix Celksis,10000,1,2023-08-06T00:43:20.000Z,https://universalis.app/market/2421
2422,Iron Head Knife,Yugi Momo,6998,1,2023-08-05T15:59:34.000Z,https://universalis.app/market/2422
2424,Steel Round Knife,Kaya Runway,6000,1,2023-07-16T23:57:15.000Z,https://universalis.app/market/2424
2425,Mythril Head Knife,Caelestia Amor,2500,1,2023-08-06T21:54:33.000Z,https://universalis.app/market/2425
2426,Mythril Round Knife,Gwyyn Stenrathy,4997,1,2023-07-28T13:14:21.000Z,https://universalis.app/market/2426
2427,Electrum Head Knife,Xion Zero,53000,1,2023-07-17T00:09:55.000Z,https://universalis.app/market/2427
2430,Amateur's Awl,E'jusana Celah,500,1,2023-07-22T21:43:53.000Z,https://universalis.app/market/2430
2431,Bronze Awl,Zoh Nah,909,1,2023-07-15T16:35:07.000Z,https://universalis.app/market/2431
2433,Iron Awl,Juice Box,10000,1,2023-07-26T18:03:47.000Z,https://universalis.app/market/2433
2434,Initiate's Awl,Winnie Winston,5000,1,2023-07-13T17:39:47.000Z,https://universalis.app/market/2434
2437,Wrapped Steel Awl,Serika Asakura,25000,1,2023-08-04T09:07:43.000Z,https://universalis.app/market/2437
2439,Mythril Awl,Krazed Shadow,32999,1,2023-07-16T12:04:08.000Z,https://universalis.app/market/2439
2440,Cobalt Awl,Mae Hwa,10000,1,2023-08-07T23:10:33.000Z,https://universalis.app/market/2440
2441,Militia Awl,Sophie Cebella,40000,1,2023-07-19T05:21:42.000Z,https://universalis.app/market/2441
2443,Copper Needle,Milaen Fyth,3000,1,2023-08-05T17:17:34.000Z,https://universalis.app/market/2443
2444,Bat Fang Needle,Zaia Serafall,2014,1,2023-07-13T11:01:17.000Z,https://universalis.app/market/2444
2445,Amateur's Needle,Syndra Elamenor,100,1,2023-07-24T14:54:51.000Z,https://universalis.app/market/2445
2446,Brass Needle,Cassie Rose,5000,1,2023-08-05T12:38:32.000Z,https://universalis.app/market/2446
2448,Silver Needle,Zade Afarion,5001,1,2023-07-30T04:47:28.000Z,https://universalis.app/market/2448
2449,Worm Fang Needle,Winnie Winston,7895,1,2023-07-13T17:43:53.000Z,https://universalis.app/market/2449
5447,Sandworm Fang,Not Ydtrappin,500,99,2023-08-02T15:30:56.000Z,https://universalis.app/market/5447
2450,Mythril Needle,Winnie Winston,5999,1,2023-07-16T21:17:01.000Z,https://universalis.app/market/2450
2451,Wolf Fang Needle,Trisana Nightborne,24986,1,2023-07-15T20:44:39.000Z,https://universalis.app/market/2451
2452,Thousand Needle,Elaria Belore,3995,1,2023-07-26T21:30:08.000Z,https://universalis.app/market/2452
5468,Cactuar Needle,Celeste Nightingale,10001,3,2023-07-16T11:54:39.000Z,https://universalis.app/market/5468
2453,Electrum Needle,Zade Afarion,5000,1,2023-08-06T05:46:09.000Z,https://universalis.app/market/2453
2456,Amateur's Spinning Wheel,Nayah Paiivi,2000,1,2023-08-07T06:48:47.000Z,https://universalis.app/market/2456
2457,Ash Spinning Wheel,Potato Plato,8000,1,2023-07-23T01:20:43.000Z,https://universalis.app/market/2457
2459,Initiate's Spinning Wheel,D'lohi Raum,6100,1,2023-08-02T20:33:06.000Z,https://universalis.app/market/2459
2460,Elm Spinning Wheel,Squidly Inkerton,3000,1,2023-07-30T02:54:25.000Z,https://universalis.app/market/2460
2462,Walnut Spinning Wheel,Daphne Mae,16000,1,2023-07-20T23:16:20.000Z,https://universalis.app/market/2462
2464,Mahogany Spinning Wheel,Hinata Ohime,10000,1,2023-07-22T00:13:39.000Z,https://universalis.app/market/2464
2465,Rosewood Spinning Wheel,Amber Izumi,27750,1,2023-08-08T21:31:27.000Z,https://universalis.app/market/2465
2466,Militia Spinning Wheel,Kalliope Mezzo,39500,1,2023-07-24T15:22:25.000Z,https://universalis.app/market/2466
2468,Bronze Alembic,Sun Wu'kong,99999,1,2023-08-03T03:58:49.000Z,https://universalis.app/market/2468
2469,Amateur's Alembic,Saika Kawakita,4000,1,2023-07-24T02:46:50.000Z,https://universalis.app/market/2469
2470,Brass Alembic,Ish't Ara'ara,5000,1,2023-07-28T12:50:15.000Z,https://universalis.app/market/2470
2471,Initiate's Alembic,Rasandria Heavensfall,7000,1,2023-08-06T02:12:09.000Z,https://universalis.app/market/2471
2472,Iron Alembic,Sinful Halo,1000,1,2023-07-24T20:55:56.000Z,https://universalis.app/market/2472
2473,Conical Alembic,Esmeralda Akarui,10000,1,2023-07-31T20:32:49.000Z,https://universalis.app/market/2473
2474,Steel Alembic,Zero Amiya,9999,1,2023-07-17T17:17:24.000Z,https://universalis.app/market/2474
2475,Silver Alembic,Silver Evren,4999,1,2023-07-13T18:15:01.000Z,https://universalis.app/market/2475
2476,Mythril Alembic,Kyoki Amaru,44000,1,2023-07-17T01:45:17.000Z,https://universalis.app/market/2476
2477,Electrum Alembic,Pluvia Djt-setlas,12000,1,2023-07-22T03:23:37.000Z,https://universalis.app/market/2477
2478,Thermal Alembic,Pluvia Djt-setlas,49110,1,2023-07-23T02:32:33.000Z,https://universalis.app/market/2478
2481,Amateur's Mortar,Lapis Tigerlily,2199,1,2023-07-14T20:45:43.000Z,https://universalis.app/market/2481
2482,Bronze Mortar,Meteor Selch,18000,1,2023-07-25T01:34:24.000Z,https://universalis.app/market/2482
2484,Iron Mortar,Vaetana Gallus,10000,1,2023-08-03T01:56:07.000Z,https://universalis.app/market/2484
2485,Initiate's Mortar,Faul'st Helio,180,1,2023-07-28T04:49:21.000Z,https://universalis.app/market/2485
2487,Steel Mortar,Zaia Serafall,10000,1,2023-07-13T11:03:22.000Z,https://universalis.app/market/2487
2490,Mythril Mortar,Kagome Kuroko,22000,1,2023-08-04T02:14:30.000Z,https://universalis.app/market/2490
2491,Cobalt Mortar,Itsuki Chijo,20000,1,2023-08-02T05:24:24.000Z,https://universalis.app/market/2491
2492,Militia Mortar,Lilia Iris,50000,1,2023-08-05T02:41:11.000Z,https://universalis.app/market/2492
2494,Bronze Skillet,Lyhus El'claire,15000,1,2023-08-06T14:50:02.000Z,https://universalis.app/market/2494
2495,Amateur's Skillet,Skittles'n Starburst,8000,1,2023-07-29T05:26:55.000Z,https://universalis.app/market/2495
2496,Iron Skillet,Ahsook Dailow,1900,1,2023-07-13T23:39:02.000Z,https://universalis.app/market/2496
2497,Initiate's Skillet,Diggie Bloodmoon,39999,1,2023-07-18T03:50:57.000Z,https://universalis.app/market/2497
2498,Iron Frypan,Squidly Inkerton,5000,1,2023-08-05T14:31:51.000Z,https://universalis.app/market/2498
2499,Bomb Frypan,Majin Boujee,9999,1,2023-07-30T05:25:26.000Z,https://universalis.app/market/2499
5528,Bomb Ash,Keaira Slater,600,1,2023-07-25T19:10:00.000Z,https://universalis.app/market/5528
2500,Steel Skillet,Joe Diggs,950,1,2023-07-21T02:50:16.000Z,https://universalis.app/market/2500
2501,White Skillet,Sierra Northwind,1900,1,2023-08-07T23:41:49.000Z,https://universalis.app/market/2501
2502,Steel Frypan,Alexander I'rithyll,39999,1,2023-08-02T08:04:35.000Z,https://universalis.app/market/2502
2503,Cobalt Skillet,Hybrid Arknight,20000,1,2023-07-21T04:13:53.000Z,https://universalis.app/market/2503
2504,Hells' Kitchen,Dex N'rhelh,60000,1,2023-07-26T02:31:41.000Z,https://universalis.app/market/2504
2507,Amateur's Culinary Knife,Rasandria Heavensfall,5000,1,2023-08-03T11:33:13.000Z,https://universalis.app/market/2507
2510,Iron Culinary Knife,Peter Pickles,5000,1,2023-08-04T18:52:55.000Z,https://universalis.app/market/2510
2511,Initiate's Culinary Knife,Joe Diggs,15000,1,2023-07-21T02:50:48.000Z,https://universalis.app/market/2511
2513,Steel Culinary Knife,Phantom Valkyria,1000,1,2023-08-07T05:47:28.000Z,https://universalis.app/market/2513
2514,Wrapped Steel Culinary Knife,Marci Sunkeeper,20566,1,2023-07-16T23:38:51.000Z,https://universalis.app/market/2514
2516,Mythril Culinary Knife,Marci Sunkeeper,75000,1,2023-07-16T23:49:05.000Z,https://universalis.app/market/2516
2517,Cobalt Culinary Knife,Kazu Mizu,30000,1,2023-08-07T20:33:52.000Z,https://universalis.app/market/2517
2518,Militia Culinary Knife,Lilia Iris,50000,1,2023-08-05T02:38:39.000Z,https://universalis.app/market/2518
2520,Bronze Pickaxe,Eliza Hurst,4358,1,2023-08-06T12:17:01.000Z,https://universalis.app/market/2520
2521,Amateur's Pickaxe,Liokki Djt-setlas,5000,1,2023-07-19T17:08:53.000Z,https://universalis.app/market/2521
2522,Plumed Bronze Pickaxe,Thanatos Yoshimura,10000,1,2023-08-01T23:31:56.000Z,https://universalis.app/market/2522
2523,Iron Pickaxe,Erden Ejinn,25000,1,2023-07-13T02:11:52.000Z,https://universalis.app/market/2523
2524,Initiate's Pickaxe,Skyler Andrews,1000,1,2023-07-30T10:45:58.000Z,https://universalis.app/market/2524
2525,Iron Dolabra,Roo Iam,5000,1,2023-07-23T21:54:17.000Z,https://universalis.app/market/2525
2526,Steel Pickaxe,Xavion Qestir,19998,1,2023-07-21T20:06:37.000Z,https://universalis.app/market/2526
2527,Steel Dolabra,Deevo Yunshuck,6000,1,2023-07-26T01:29:01.000Z,https://universalis.app/market/2527
2528,Plumed Mythril Pickaxe,Ophelia Stoneheart,35999,1,2023-07-24T22:13:57.000Z,https://universalis.app/market/2528
5327,Undyed Linen,Shinobi Dm,6100,2,2023-07-22T13:34:20.000Z,https://universalis.app/market/5327
2529,Cobalt Dolabra,Waynhim Vilesdottir,10000,1,2023-07-23T20:07:27.000Z,https://universalis.app/market/2529
2530,Egret Dolabra,Meila'ari Drachanyx,60000,1,2023-07-19T04:12:41.000Z,https://universalis.app/market/2530
2534,Bronze Sledgehammer,Yung Nosferatu,10000,1,2023-07-31T08:47:15.000Z,https://universalis.app/market/2534
2536,Initiate's Sledgehammer,Kadir Dubois,19979,1,2023-07-17T03:56:45.000Z,https://universalis.app/market/2536
2537,Iron Sledgehammer,Metorva Cross,13000,1,2023-07-29T20:29:27.000Z,https://universalis.app/market/2537
2539,Steel Sledgehammer,Sasalele Salele,20000,1,2023-07-17T09:23:41.000Z,https://universalis.app/market/2539
2540,Wrapped Steel Sledgehammer,Xavion Qestir,10000,1,2023-07-27T21:36:33.000Z,https://universalis.app/market/2540
2542,Mythril Sledgehammer,Xion Zero,42000,1,2023-07-17T00:07:45.000Z,https://universalis.app/market/2542
2543,Cobalt Sledgehammer,Asrael Galan,65999,1,2023-07-30T14:02:01.000Z,https://universalis.app/market/2543
2544,Militia Sledgehammer,Stabby Squirrel,35000,1,2023-07-16T05:14:52.000Z,https://universalis.app/market/2544
2546,Bronze Hatchet,Aayan Relanah,7000,1,2023-08-04T07:31:18.000Z,https://universalis.app/market/2546
2547,Amateur's Hatchet,Bun Tsukino,4898,1,2023-07-30T19:00:47.000Z,https://universalis.app/market/2547
2548,Iron Hatchet,Yue Bloomingheart,20000,1,2023-07-30T04:15:29.000Z,https://universalis.app/market/2548
2549,Initiate's Hatchet,Celix Naline,9997,1,2023-07-13T04:23:14.000Z,https://universalis.app/market/2549
2550,Brass Hatchet,Box Boxx,10000,1,2023-07-31T06:03:26.000Z,https://universalis.app/market/2550
2551,Plumed Iron Hatchet,Day Dreams,29999,1,2023-07-30T23:00:23.000Z,https://universalis.app/market/2551
5359,Chocobo Feather,Tamales Muncher,3000,29,2023-08-05T07:41:44.000Z,https://universalis.app/market/5359
2552,Steel Hatchet,Xavion Qestir,40000,1,2023-08-01T16:54:46.000Z,https://universalis.app/market/2552
2553,Plumed Steel Hatchet,Inanna Winterbloom,2000,1,2023-07-27T10:30:06.000Z,https://universalis.app/market/2553
2554,Mythril Hatchet,Yui Kurokawa,50000,1,2023-08-04T15:41:46.000Z,https://universalis.app/market/2554
2555,Cobalt Hatchet,Zero Tvvo,27998,1,2023-08-06T13:06:07.000Z,https://universalis.app/market/2555
2556,Horned Hatchet,Marleena Vox,65000,1,2023-07-16T07:11:16.000Z,https://universalis.app/market/2556
2560,Bronze Scythe,Rhea Vale,3000,1,2023-08-09T12:13:24.000Z,https://universalis.app/market/2560
2562,Iron Scythe,Neptune Xiii,22000,1,2023-07-25T06:48:20.000Z,https://universalis.app/market/2562
2563,Initiate's Scythe,Squidly Inkerton,12000,1,2023-08-03T01:21:52.000Z,https://universalis.app/market/2563
2565,Steel Scythe,Lyrica Keito,30000,1,2023-08-06T18:15:06.000Z,https://universalis.app/market/2565
2566,Wrapped Steel Scythe,Yui Kurokawa,39999,1,2023-08-04T15:42:08.000Z,https://universalis.app/market/2566
2569,Cobalt Scythe,Sefi Asta,27500,1,2023-08-08T12:50:01.000Z,https://universalis.app/market/2569
2570,Militia Scythe,Zero Tvvo,50000,1,2023-08-06T13:05:57.000Z,https://universalis.app/market/2570
2572,Maple Fishing Rod,Potato Plato,4000,1,2023-07-17T00:51:30.000Z,https://universalis.app/market/2572
2573,Amateur's Fishing Rod,Lexi Drake,2000,1,2023-08-08T19:01:42.000Z,https://universalis.app/market/2573
2574,Elm Fishing Rod,Eagle Stonewall,4999,1,2023-08-01T00:05:30.000Z,https://universalis.app/market/2574
2575,Initiate's Fishing Rod,Lacemadic Lancemadic,5000,1,2023-07-20T15:47:57.000Z,https://universalis.app/market/2575
2576,Yew Fishing Rod,Sangurama Sankuro,15000,1,2023-07-28T05:14:22.000Z,https://universalis.app/market/2576
2577,Staghorn Fishing Rod,Sierra Northwind,19999,1,2023-08-05T22:38:15.000Z,https://universalis.app/market/2577
2578,Walnut Fishing Rod,Kai Eston,50000,1,2023-08-05T06:29:35.000Z,https://universalis.app/market/2578
2579,Horn Fishing Rod,Sansu Yu,40000,1,2023-08-03T22:05:35.000Z,https://universalis.app/market/2579
2580,Mahogany Fishing Rod,Goth-bunnyvamp Gothic,17250,1,2023-07-27T23:40:09.000Z,https://universalis.app/market/2580
2581,Rosewood Fishing Rod,Ragna Valgos,25000,1,2023-08-01T23:23:14.000Z,https://universalis.app/market/2581
2582,Gilded Rosewood Fishing Rod,Jorgo Petra,100000,1,2023-07-28T12:59:38.000Z,https://universalis.app/market/2582
2588,Crayfish Ball,Feelgood Winhouse,300,8,2023-07-22T01:00:36.000Z,https://universalis.app/market/2588
4825,Rye Flour,Tiamat Dragonhart,1700,99,2023-07-15T04:05:01.000Z,https://universalis.app/market/4825
4925,Crayfish,Donovan Elderbairn,3001,1,2023-08-01T15:29:43.000Z,https://universalis.app/market/4925
2589,Goby Ball,S'mantha Sleepless,190,20,2023-07-17T04:48:35.000Z,https://universalis.app/market/2589
4931,Dusk Goby,Helms Eden,39,4,2023-08-07T02:59:34.000Z,https://universalis.app/market/4931
4880,Helmet Crab,Night Dragon,10000,16,2023-07-22T04:37:21.000Z,https://universalis.app/market/4880
2595,Bass Ball,Zandiki Fila,25,50,2023-07-13T09:34:30.000Z,https://universalis.app/market/2595
4826,Sunset Wheat Flour,Chris Kruszonka,2000,1,2023-08-02T04:10:14.000Z,https://universalis.app/market/4826
4959,Dark Bass,Cilia Calyia,1000,3,2023-07-31T21:23:07.000Z,https://universalis.app/market/4959
2598,Herring Ball,Izumi Hikaria,80,22,2023-08-07T06:42:30.000Z,https://universalis.app/market/2598
4895,Indigo Herring,Syeirra Forelight,9900,3,2023-07-14T02:59:45.000Z,https://universalis.app/market/4895
2610,Chocobo Fly,Veeara Aryxon,475,66,2023-07-17T23:42:31.000Z,https://universalis.app/market/2610
2611,Floating Minnow,Ding Fraiserdone,898,15,2023-07-18T17:12:43.000Z,https://universalis.app/market/2611
2612,Brass Spoon Lure,Veeara Aryxon,230,99,2023-07-17T23:42:15.000Z,https://universalis.app/market/2612
2614,Crow Fly,Basarisk Nil,1000,14,2023-07-26T00:35:21.000Z,https://universalis.app/market/2614
2615,Silver Spoon Lure,Niko Kivin,197,1,2023-07-21T03:06:11.000Z,https://universalis.app/market/2615
2616,Steel Jig,Tera Brandfordd,990,10,2023-07-14T20:18:31.000Z,https://universalis.app/market/2616
2617,Sinking Minnow,Amelie Vissalia,3000,5,2023-07-14T00:42:11.000Z,https://universalis.app/market/2617
2618,Snurble Fly,Atlas Hylfyst,3000,5,2023-07-14T13:08:29.000Z,https://universalis.app/market/2618
5349,Snurble Tufts,Rose Apothecary,1650,15,2023-07-18T00:32:48.000Z,https://universalis.app/market/5349
2619,Heavy Steel Jig,Vernier Verselis,3000,5,2023-07-13T05:23:15.000Z,https://universalis.app/market/2619
2620,Spinner,Akira Y'uki,3000,5,2023-07-13T02:09:10.000Z,https://universalis.app/market/2620
4900,Whitelip Oyster,Northern Lite,10000,1,2023-07-15T04:35:34.000Z,https://universalis.app/market/4900
2622,Mythril Spoon Lure,Niko Kivin,199,3,2023-07-30T22:10:03.000Z,https://universalis.app/market/2622
2623,Wildfowl Fly,Violet Aria,1000,10,2023-07-13T15:13:03.000Z,https://universalis.app/market/2623
2624,Topwater Frog,Holli Sakura,10000,15,2023-07-30T02:38:22.000Z,https://universalis.app/market/2624
2625,Rainbow Spoon Lure,Lucan Convell,4000,5,2023-07-16T07:28:45.000Z,https://universalis.app/market/2625
5466,Blacklip Oyster,Sapphic Uranian,7000,3,2023-08-09T06:43:35.000Z,https://universalis.app/market/5466
2626,Spinnerbait,Asaina Lyra,9998,5,2023-08-03T21:48:04.000Z,https://universalis.app/market/2626
5329,Undyed Felt,Fizz Foundthorn,7500,1,2023-07-16T15:48:45.000Z,https://universalis.app/market/5329
2627,Streamer,Hails Storm,3000,5,2023-07-21T16:24:20.000Z,https://universalis.app/market/2627
2628,Yumizuno,Zeta Olipele,9999,27,2023-07-15T04:52:54.000Z,https://universalis.app/market/2628
2629,Hempen Coif,Slush Bucket,8000,1,2023-07-28T21:21:31.000Z,https://universalis.app/market/2629
2630,Hempen Coif of Gathering,Jolaine Josseloux,1000,1,2023-07-30T06:08:07.000Z,https://universalis.app/market/2630
2631,Leather Calot,Octavia Blake,88888,1,2023-08-03T22:27:29.000Z,https://universalis.app/market/2631
12590,Ramie Cloth,Crayon Sniffer,5000,5,2023-07-19T17:47:57.000Z,https://universalis.app/market/12590
12595,Ramie Thread,Aurielle Tempest,3200,10,2023-07-18T02:05:07.000Z,https://universalis.app/market/12595
2652,Hempen Bandana,Sircloud Firstclass,850,1,2023-08-06T21:49:56.000Z,https://universalis.app/market/2652
2653,Leather Eyepatch,Jarro Topal,22000,1,2023-07-13T03:07:42.000Z,https://universalis.app/market/2653
2654,Hard Leather Pot Helm,Taka Hines,995,1,2023-07-29T05:47:37.000Z,https://universalis.app/market/2654
2655,Hempen Hat,Yonve Zhos,950000,1,2023-08-01T23:15:58.000Z,https://universalis.app/market/2655
2656,Bronze Chain Coif,Ashera Daetris,15000,1,2023-07-16T23:54:09.000Z,https://universalis.app/market/2656
5081,Bronze Rings,Fukuya Harachu,799,99,2023-08-02T18:53:44.000Z,https://universalis.app/market/5081
2658,Straw Hat,Reamus Dracht,19674,1,2023-07-22T20:04:31.000Z,https://universalis.app/market/2658
5342,Straw,Orion Wil'o,1000,3,2023-07-17T01:58:26.000Z,https://universalis.app/market/5342
2660,Amateur's Headgear,Orusroth Crown,2497,1,2023-08-04T15:17:06.000Z,https://universalis.app/market/2660
2661,Amateur's Hempen Coif,Ish't Ara'ara,7497,1,2023-07-21T13:09:24.000Z,https://universalis.app/market/2661
2662,Bronze Sallet,Kaminari Senshi,9999,1,2023-08-05T00:48:13.000Z,https://universalis.app/market/2662
2663,Stablemaid's Hat,Jessie Rabbit,1500,1,2023-07-31T02:08:09.000Z,https://universalis.app/market/2663
5540,Carnation,Cinnamon Cookie,420,3,2023-07-28T03:53:31.000Z,https://universalis.app/market/5540
2664,Bronze Barbut,Ellie Puffy,3000,1,2023-07-31T04:34:00.000Z,https://universalis.app/market/2664
2665,Cotton Turban,Nhugoh Yhusae,8000,1,2023-07-19T07:51:54.000Z,https://universalis.app/market/2665
2666,Stablehand's Hat,Ish't Ara'ara,3899,1,2023-07-23T20:10:33.000Z,https://universalis.app/market/2666
2668,Brass Spectacles,Potato Plato,24500,1,2023-07-17T00:49:58.000Z,https://universalis.app/market/2668
5512,Clear Glass Lens,Dino Punch-kick,975,2,2023-07-16T15:48:53.000Z,https://universalis.app/market/5512
2669,Hard Leather Eyepatch,Trenty Mohun,4500,1,2023-08-01T03:59:58.000Z,https://universalis.app/market/2669
2670,Cotton Scarf,Tad Copihwesz,20000,1,2023-07-23T01:11:20.000Z,https://universalis.app/market/2670
2672,Hard Leather Skullcap,Silver Halfmoon,50000,1,2023-08-03T12:41:11.000Z,https://universalis.app/market/2672
2673,Bronze Celata,Meteor Selch,3000,1,2023-07-27T07:30:00.000Z,https://universalis.app/market/2673
2675,Ash Mask,Salariable Salod,12000,1,2023-07-23T04:15:55.000Z,https://universalis.app/market/2675
2677,Hunting Hat,Minfilia Maybe,5889,1,2023-07-27T07:12:05.000Z,https://universalis.app/market/2677
2680,Decorated Bronze Barbut,Yohvu Mizuki,20000,1,2023-07-29T03:03:05.000Z,https://universalis.app/market/2680
2685,Brass Circlet (Sunstone),Gimbap Roll,10000,1,2023-07-25T21:44:31.000Z,https://universalis.app/market/2685
5169,Sunstone,Nursebrian Leonhart,499,1,2023-08-04T23:37:56.000Z,https://universalis.app/market/5169
2687,Brass Circlet (Danburite),Daphne Mae,20000,1,2023-07-24T16:37:42.000Z,https://universalis.app/market/2687
5170,Danburite,Lifa Tree,60,2,2023-08-08T04:31:31.000Z,https://universalis.app/market/5170
2689,Brass Circlet (Malachite),Garth Dimedic,1199,1,2023-07-26T04:33:31.000Z,https://universalis.app/market/2689
5171,Malachite,Alantie Mornie,899,2,2023-07-31T06:15:22.000Z,https://universalis.app/market/5171
2691,Brass Circlet (Sphene),Meteor Selch,2499,1,2023-07-30T06:28:47.000Z,https://universalis.app/market/2691
5172,Sphene,Adough Opal,71,1,2023-07-18T15:23:07.000Z,https://universalis.app/market/5172
2693,Brass Circlet (Fluorite),Rikku Bigdong,899,1,2023-07-29T09:05:01.000Z,https://universalis.app/market/2693
5173,Fluorite,Katarina Powers,79,1,2023-08-02T06:15:15.000Z,https://universalis.app/market/5173
2695,Brass Circlet (Lapis Lazuli),Kotori Noir,50,1,2023-07-15T21:01:47.000Z,https://universalis.app/market/2695
5174,Lapis Lazuli,Freya Gainsborough,595,2,2023-07-13T11:15:08.000Z,https://universalis.app/market/5174
2697,Goatskin Pot Helm,Im Lyudo,4000,1,2023-07-31T02:55:21.000Z,https://universalis.app/market/2697
2699,Cotton Coif,Reshi Verglas,26000000,1,2023-07-28T00:36:15.000Z,https://universalis.app/market/2699
2700,Cotton Coif of Gathering,Diggie Bloodmoon,28000,1,2023-07-17T23:12:53.000Z,https://universalis.app/market/2700
2703,Ash Mask (Lapis Lazuli),Shakkal Mhakaracca,10000,1,2023-07-26T22:26:24.000Z,https://universalis.app/market/2703
2708,Iron Sallet,Ravin Taimat,25000,1,2023-07-13T04:46:01.000Z,https://universalis.app/market/2708
2710,Goatskin Eyepatch,Maki Haruhi,20000000,1,2023-07-20T04:37:58.000Z,https://universalis.app/market/2710
2712,Iron Celata,Dekken Blake,2000,1,2023-07-19T00:35:07.000Z,https://universalis.app/market/2712
5082,Iron Rings,Tatsuya Hakuryu,500,1,2023-07-23T21:12:09.000Z,https://universalis.app/market/5082
2714,Initiate's Headgear,Zaia Serafall,39999,1,2023-07-13T10:25:27.000Z,https://universalis.app/market/2714
2719,Cotton Sugarloaf Hat,Astrid Highwind,18000,1,2023-07-21T02:16:21.000Z,https://universalis.app/market/2719
2723,Iron Elmo,Sierra Northwind,15000,1,2023-07-30T20:28:57.000Z,https://universalis.app/market/2723
2725,Reinforced Iron Sallet,Wynora Yuzona,8000,1,2023-08-05T16:14:51.000Z,https://universalis.app/market/2725
2727,Velveteen Bandana,Overworked Retainer,99999,1,2023-07-31T07:38:02.000Z,https://universalis.app/market/2727
2728,Silver Spectacles,Bound Andbeat,60000,1,2023-08-03T03:38:26.000Z,https://universalis.app/market/2728
2729,Velveteen Turban,G'willow Fhin,13000,1,2023-08-06T22:39:25.000Z,https://universalis.app/market/2729
2731,Silver Magnifiers,Marleena Vox,39000,1,2023-07-18T17:38:03.000Z,https://universalis.app/market/2731
2733,Velveteen Wedge Cap of Crafting,Dooky Thevius,18999,1,2023-07-25T02:41:26.000Z,https://universalis.app/market/2733
2734,Velveteen Wedge Cap of Gathering,Glub Glub,16250,1,2023-07-30T00:47:17.000Z,https://universalis.app/market/2734
2735,Silver Circlet (Garnet),Murk Skywalker,26000,1,2023-07-18T20:36:02.000Z,https://universalis.app/market/2735
5175,Garnet,Old Spice,990,1,2023-08-05T05:27:02.000Z,https://universalis.app/market/5175
5176,Goshenite,Ophelia Gojko,101,7,2023-07-29T21:11:16.000Z,https://universalis.app/market/5176
5177,Peridot,Diantha Perceleris,800,1,2023-07-29T23:46:37.000Z,https://universalis.app/market/5177
2741,Silver Circlet (Heliodor),Cecilia Baron,15000,1,2023-08-01T13:44:38.000Z,https://universalis.app/market/2741
5178,Heliodor,Carra Halkhad,1296,2,2023-07-22T03:50:08.000Z,https://universalis.app/market/5178
2743,Silver Circlet (Amethyst),Joshua Fournier,2024,1,2023-07-29T20:44:35.000Z,https://universalis.app/market/2743
5179,Amethyst,Zyrepha Zyz,90,2,2023-07-15T04:30:13.000Z,https://universalis.app/market/5179
2745,Silver Circlet (Aquamarine),Alve'are Viera,15000,1,2023-07-24T21:20:53.000Z,https://universalis.app/market/2745
5180,Aquamarine,Zanha'to Luhnaka,500,22,2023-08-02T22:47:25.000Z,https://universalis.app/market/5180
2750,Velveteen Beret,Lunafenza Shadowheart,25000,1,2023-07-18T03:16:42.000Z,https://universalis.app/market/2750
5343,Cotton Boll,Sun Gold,2000,10,2023-07-16T22:51:26.000Z,https://universalis.app/market/5343
5355,Dodo Feather,Spicy Pepperoncini,7000000,1,2023-07-29T12:35:51.000Z,https://universalis.app/market/5355
2753,Steel Sallet,T'eilei Bello,39999,1,2023-07-14T03:35:14.000Z,https://universalis.app/market/2753
2755,Steel Celata,Blade Inky,25000,1,2023-08-01T04:37:37.000Z,https://universalis.app/market/2755
2757,Vintage Celata,Nix' Molkot,20000,1,2023-08-01T18:15:19.000Z,https://universalis.app/market/2757
2667,Dented Celata,Zanha'to Luhnaka,495,1,2023-08-02T22:53:06.000Z,https://universalis.app/market/2667
2758,Steel Goggles,Zaia Serafall,49990,1,2023-07-13T10:25:33.000Z,https://universalis.app/market/2758
2763,Velveteen Sugarloaf Hat,Ryker Wolfheart,19969,1,2023-08-08T23:26:29.000Z,https://universalis.app/market/2763
2767,Skull Eyepatch,Knell Meiou,28930,1,2023-07-22T02:22:54.000Z,https://universalis.app/market/2767
2769,Mythril Magnifiers,Gigi Harusame,15000,1,2023-07-24T22:50:24.000Z,https://universalis.app/market/2769
2774,Mythril Spectacles,Dino Punch-kick,35000,1,2023-07-16T15:41:55.000Z,https://universalis.app/market/2774
2776,Linen Turban,Sibert Swiftstrike,31995,1,2023-08-07T23:06:27.000Z,https://universalis.app/market/2776
2778,Angler's Hat,Sasalele Salele,25000,1,2023-07-17T09:20:38.000Z,https://universalis.app/market/2778
2779,Linen Hat,Garth Minqoti,19250,1,2023-07-25T04:02:01.000Z,https://universalis.app/market/2779
2785,Vintage Chef's Hat,Kaneki Ghoul,24000,1,2023-07-26T22:10:27.000Z,https://universalis.app/market/2785
2786,Steel Barbut,Ari Kamikura,50000,1,2023-07-24T04:20:25.000Z,https://universalis.app/market/2786
2788,Boarskin Pot Helm,Kei-sei Jump,27999,1,2023-07-29T22:27:12.000Z,https://universalis.app/market/2788
2790,Mythril Circlet (Rubellite),Mynt Swirl,25000,1,2023-07-13T17:07:07.000Z,https://universalis.app/market/2790
5181,Rubellite,Mami Umami,100,2,2023-07-29T04:52:04.000Z,https://universalis.app/market/5181
2792,Mythril Circlet (Zircon),Redd Vampirus,7000,1,2023-08-09T03:28:23.000Z,https://universalis.app/market/2792
5182,Zircon,Hedah Foulwind,400,2,2023-07-18T01:15:50.000Z,https://universalis.app/market/5182
2794,Mythril Circlet (Tourmaline),Garth Vurjur,6666,1,2023-07-30T22:21:24.000Z,https://universalis.app/market/2794
2796,Mythril Circlet (Amber),Abraxas Vipersbane,2800,1,2023-08-02T22:04:29.000Z,https://universalis.app/market/2796
5184,Amber,Alantie Mornie,2000,1,2023-08-08T01:51:43.000Z,https://universalis.app/market/5184
2798,Mythril Circlet (Spinel),Kira Raiken,6000,1,2023-07-16T21:28:34.000Z,https://universalis.app/market/2798
5185,Spinel,Maelynn Favonia,1000,1,2023-07-24T11:36:11.000Z,https://universalis.app/market/5185
2800,Mythril Circlet (Turquoise),Sager Step-on-me,4000,1,2023-07-19T17:53:33.000Z,https://universalis.app/market/2800
5186,Turquoise,Omega Body,200,1,2023-07-15T07:15:43.000Z,https://universalis.app/market/5186
2802,Mythril Elmo,Zynne Arwynyr,4000,1,2023-08-01T16:35:14.000Z,https://universalis.app/market/2802
2804,Linen Wedge Cap of Crafting,Adora Trevelyan,19250,1,2023-07-14T22:06:59.000Z,https://universalis.app/market/2804
2805,Linen Wedge Cap of Gathering,Milaen Fyth,25000,1,2023-07-21T22:44:13.000Z,https://universalis.app/market/2805
2806,Woolen Coif,Fasse Scarltteen,19999,1,2023-07-29T18:16:38.000Z,https://universalis.app/market/2806
5328,Undyed Woolen Cloth,Psycho Starkiller,7000,2,2023-07-23T02:00:52.000Z,https://universalis.app/market/5328
2808,Woolen Coif of Gathering,Crisp Lettuce,35000,1,2023-07-26T03:52:48.000Z,https://universalis.app/market/2808
2810,Woolen Turban,Reese Reese,50000,1,2023-07-18T14:47:15.000Z,https://universalis.app/market/2810
2812,Mythril Celata,Ryosen Kazarishi,19999,1,2023-07-30T01:12:17.000Z,https://universalis.app/market/2812
5089,Mythril Rings,Momo Chi,4000,1,2023-08-08T21:55:29.000Z,https://universalis.app/market/5089
2814,Woolen Hat,Riko Lestrange,25000,1,2023-08-03T01:22:20.000Z,https://universalis.app/market/2814
2816,Linen Deerstalker,Great Gauy,30000,1,2023-07-25T11:48:24.000Z,https://universalis.app/market/2816
2817,Mythril Barbut,Kiri Ulfang,20000,1,2023-07-29T05:01:27.000Z,https://universalis.app/market/2817
2819,Mythril Mesail,Belit Qestir,20000,1,2023-07-21T20:16:38.000Z,https://universalis.app/market/2819
2825,Ranger's Hat,Thairynn Stirling,1000,1,2023-07-23T06:55:42.000Z,https://universalis.app/market/2825
2827,Mythril Chain Coif,Specter Fugi,21000,1,2023-08-06T02:33:37.000Z,https://universalis.app/market/2827
2829,Woolen Beret,Ravin Taimat,39999,1,2023-07-24T12:09:24.000Z,https://universalis.app/market/2829
5348,Apkallu Down,Ristisia Lixiae,5000,2,2023-07-18T12:56:35.000Z,https://universalis.app/market/5348
2830,Reinforced Mythril Elmo,Xander Zeppeli,49999,1,2023-08-02T17:51:48.000Z,https://universalis.app/market/2830
2832,Woolen Cavalier's Hat,Adalaide Waters,999,1,2023-07-30T00:21:01.000Z,https://universalis.app/market/2832
2834,Cobalt Preserves,Kuro Augury,35000,1,2023-07-22T21:30:25.000Z,https://universalis.app/market/2834
2835,Felt Coif,Elaria Belore,14999,1,2023-07-28T17:25:50.000Z,https://universalis.app/market/2835
2837,Felt Coif of Gathering,Real Lax,21999,1,2023-08-04T08:45:28.000Z,https://universalis.app/market/2837
2850,Cobalt Elmo,Krit Djt-gilda,7000,1,2023-07-20T01:49:59.000Z,https://universalis.app/market/2850
2852,Felt Hat,Turkyface Dragon,5000,1,2023-07-23T05:59:21.000Z,https://universalis.app/market/2852
2854,Woolen Deerstalker,Xavion Qestir,35000,1,2023-08-01T19:38:06.000Z,https://universalis.app/market/2854
2855,Vintage Jester's Cap,Comet Chrysanthemum,20000,1,2023-08-02T15:58:17.000Z,https://universalis.app/market/2855
2857,Electrum Monocle,Nyanta Jurai,25500,1,2023-07-16T20:13:37.000Z,https://universalis.app/market/2857
5087,Brass Rings,Hae Baragi,600,1,2023-07-26T22:48:35.000Z,https://universalis.app/market/5087
2859,Cobalt Barbut,Rix Yuaz,28999,1,2023-08-03T21:28:21.000Z,https://universalis.app/market/2859
2861,Cobalt Mesail,Vaeri Sunder,30000,1,2023-07-25T07:44:13.000Z,https://universalis.app/market/2861
2862,Raptorskin Pot Helm,Stella Fae,25000,1,2023-08-05T14:09:28.000Z,https://universalis.app/market/2862
2870,Electrum Circlet (Rubellite),Angelo Leonhart,29999,1,2023-07-30T05:02:37.000Z,https://universalis.app/market/2870
2872,Electrum Circlet (Zircon),Sahzsha Bloodmourn,36500,1,2023-07-16T00:27:33.000Z,https://universalis.app/market/2872
2874,Electrum Circlet (Tourmaline),Alyaerys Chandler,6497,1,2023-07-18T03:46:12.000Z,https://universalis.app/market/2874
2876,Electrum Circlet (Amber),Ryuji Natsuhoshi,29500,1,2023-07-24T03:07:45.000Z,https://universalis.app/market/2876
2878,Electrum Circlet (Spinel),Mireille Dalbray,39000,1,2023-07-17T01:30:50.000Z,https://universalis.app/market/2878
2880,Electrum Circlet (Turquoise),Caraneth Bloodsworn,1699,1,2023-07-16T23:56:13.000Z,https://universalis.app/market/2880
2882,Rainmaker's Hat,Kenpachi Dazkar,14998,1,2023-07-26T04:39:42.000Z,https://universalis.app/market/2882
2884,Cobalt Chain Coif,Raptor Kusakari,1498,1,2023-07-23T00:13:13.000Z,https://universalis.app/market/2884
5084,Cobalt Rings,Momo Chi,3000,3,2023-08-08T22:18:49.000Z,https://universalis.app/market/5084
2886,Felt Beret,Dex N'rhelh,25000,1,2023-07-26T02:30:33.000Z,https://universalis.app/market/2886
2888,Vintage Coif,Kino Reinhardt,25000,1,2023-08-06T08:06:02.000Z,https://universalis.app/market/2888
2889,Cobalt Celata,Callum Agnar,1997,1,2023-07-19T18:37:21.000Z,https://universalis.app/market/2889
2891,Felt Cavalier's Hat,Adora Trevelyan,26500,1,2023-07-19T23:16:37.000Z,https://universalis.app/market/2891
2893,Cobalt Sallet,Svenifn Bosco,10000,1,2023-08-08T03:49:40.000Z,https://universalis.app/market/2893
2895,Patrician's Wedge Cap,Amenie Gamma,49999,1,2023-08-09T14:32:25.000Z,https://universalis.app/market/2895
2911,Militia Barbut,Lyra Whindwhisper,16072,1,2023-07-14T04:34:46.000Z,https://universalis.app/market/2911
2912,Militia Armet,Alina Starblade,9974,1,2023-07-17T19:18:30.000Z,https://universalis.app/market/2912
2913,Militia Hat,Pinky Blue,4973,1,2023-07-30T06:02:45.000Z,https://universalis.app/market/2913
2915,Silver Tricorne,Fallen Aztar,9299,1,2023-07-13T15:08:41.000Z,https://universalis.app/market/2915
5287,Uraeus Leather,Kana Xiao,13998,1,2023-08-07T21:10:53.000Z,https://universalis.app/market/5287
2920,Carpenter's Hood,Lilia Iris,15900,1,2023-07-30T03:24:40.000Z,https://universalis.app/market/2920
2921,Blacksmith's Goggles,Dazone Marlboro,59998,1,2023-07-20T23:52:06.000Z,https://universalis.app/market/2921
2922,Armorer's Visor,Travesty Rivia,4840,1,2023-07-26T03:52:29.000Z,https://universalis.app/market/2922
2923,Goldsmith's Turban,Lilia Iris,29999,1,2023-08-01T22:56:37.000Z,https://universalis.app/market/2923
2924,Leatherworker's Hat,Lilia Iris,8950,1,2023-08-01T22:54:32.000Z,https://universalis.app/market/2924
2925,Weaver's Gibus,Kerina Surfrider,49996,1,2023-08-06T21:19:16.000Z,https://universalis.app/market/2925
2926,Alchemist's Monocle,Ravin Taimat,39999,1,2023-07-14T12:16:14.000Z,https://universalis.app/market/2926
2927,Culinarian's Hat,Diggie Bloodmoon,50999,1,2023-07-19T02:48:34.000Z,https://universalis.app/market/2927
2928,Hamlet Digger's Helmet,Meila'ari Drachanyx,40000,1,2023-07-19T04:07:31.000Z,https://universalis.app/market/2928
2929,Hamlet Cutter's Hat,Amelie Vissalia,49072,1,2023-07-17T02:47:32.000Z,https://universalis.app/market/2929
2930,Hamlet Puller's Hat,Delidoga Santoro,29990,1,2023-07-14T02:55:56.000Z,https://universalis.app/market/2930
2932,Rose Gold Circlet,Arisu Kaisuri,3975,1,2023-07-20T00:48:49.000Z,https://universalis.app/market/2932
2931,Legionary Visor,Wisty Faelira,17000000,1,2023-07-19T12:28:29.000Z,https://universalis.app/market/2931
5067,Rose Gold Ingot,Bloom Mood,800,27,2023-07-18T21:42:58.000Z,https://universalis.app/market/5067
2933,Imperial Operative Tricorne,Peter Pickles,4998,1,2023-07-14T13:32:34.000Z,https://universalis.app/market/2933
2934,Imperial Operative Hat,Tyo Amariyo,12555,1,2023-08-04T20:18:55.000Z,https://universalis.app/market/2934
2938,Gryphonskin Bandana,Peter Pickles,4500,1,2023-07-14T13:31:39.000Z,https://universalis.app/market/2938
5289,Hard Hippogryph Leather,Rapid Sparks,5000,1,2023-08-07T15:53:51.000Z,https://universalis.app/market/5289
2939,Gryphonskin Hat,Lekaka Leka,2999,1,2023-07-16T09:28:15.000Z,https://universalis.app/market/2939
2940,Darksteel Chain Coif,Dandy Everburn,2089,1,2023-07-28T02:30:12.000Z,https://universalis.app/market/2940
5085,Darksteel Rings,Vaeri Sunder,888,2,2023-08-03T03:41:05.000Z,https://universalis.app/market/5085
2941,Vanya Hat of Casting,Astazia Night,15000,1,2023-07-25T00:35:10.000Z,https://universalis.app/market/2941
5577,Vanya Silk Hat Lining,Scruntle Debungus,2692,1,2023-07-22T03:41:09.000Z,https://universalis.app/market/5577
2942,Vanya Hat of Healing,Lilianna Rose,13990,1,2023-07-30T10:52:56.000Z,https://universalis.app/market/2942
2958,Hempen Dalmatica,Sterling Sartre,17000000,1,2023-08-03T23:07:50.000Z,https://universalis.app/market/2958
2959,Hempen Dalmatica of Gathering,Gwenn Nox,70000000,1,2023-07-16T05:47:56.000Z,https://universalis.app/market/2959
2960,Hempen Tunic,Whiskey Bomb,385000000,1,2023-08-02T00:18:05.000Z,https://universalis.app/market/2960
2961,Hempen Kurta,Sum Yumi,25500000,1,2023-07-13T07:11:28.000Z,https://universalis.app/market/2961
2993,Company Tabard,Bun Tho-nuong,1835000,1,2023-07-16T14:47:43.000Z,https://universalis.app/market/2993
2996,Hempen Undershirt,Ran'a Hisilohme,12666,1,2023-07-14T06:04:20.000Z,https://universalis.app/market/2996
2997,Hempen Camise,Clown Chan,133000000,1,2023-07-24T00:50:15.000Z,https://universalis.app/market/2997
2999,Hempen Tabard,Meteor Selch,5000,1,2023-07-22T08:50:31.000Z,https://universalis.app/market/2999
3000,Hempen Cowl,Wg Aromicha,61200000,1,2023-08-01T15:05:18.000Z,https://universalis.app/market/3000
3001,Hempen Shepherd's Tunic,Charlie Vanliew,25000,1,2023-07-31T20:26:52.000Z,https://universalis.app/market/3001
3008,Hempen Acton,Reamus Dracht,7500,1,2023-07-20T20:12:26.000Z,https://universalis.app/market/3008
5341,Moko Grass,Katina Star,3001,98,2023-08-07T20:36:33.000Z,https://universalis.app/market/5341
3010,Hempen Halfrobe,Illithria Knight,15000,1,2023-07-21T03:58:38.000Z,https://universalis.app/market/3010
3011,Bronze Haubergeon,Kagura Kugisaki,8000,1,2023-07-22T16:43:23.000Z,https://universalis.app/market/3011
3013,Amateur's Doublet Vest,Liokki Djt-setlas,10000,1,2023-07-19T17:09:54.000Z,https://universalis.app/market/3013
3014,Amateur's Kurta,Sky Ice,800,1,2023-07-30T22:18:22.000Z,https://universalis.app/market/3014
3015,Amateur's Dalmatica,Kiba Xing,3000,1,2023-07-28T14:26:00.000Z,https://universalis.app/market/3015
3016,Leather Jacket,Lapis Tigerlily,10000,1,2023-07-14T19:16:35.000Z,https://universalis.app/market/3016
3017,Hard Leather Harness,Megumin Megumi,24998,1,2023-08-05T19:30:24.000Z,https://universalis.app/market/3017
3018,Hempen Robe,White Bastion,5000,1,2023-07-23T18:37:22.000Z,https://universalis.app/market/3018
3019,Hempen Doublet Vest of Crafting,Yui Kurokawa,30000,1,2023-07-13T21:23:02.000Z,https://universalis.app/market/3019
3020,Hempen Doublet Vest of Gathering,Chef Boiardi,9000,1,2023-07-15T20:38:43.000Z,https://universalis.app/market/3020
3022,Cotton Shirt,Meteor Selch,25000,1,2023-07-27T07:30:30.000Z,https://universalis.app/market/3022
3023,Cotton Shepherd's Tunic,Kai Eston,10000,1,2023-08-04T01:04:27.000Z,https://universalis.app/market/3023
3024,Cotton Cowl,Nori Matsutake,40000,1,2023-07-27T17:29:31.000Z,https://universalis.app/market/3024
3026,Bronze Cuirass,Pancake Syrup,10000,1,2023-07-28T21:38:33.000Z,https://universalis.app/market/3026
3028,Cotton Tabard,Thalia Ustory,5000,1,2023-07-26T04:53:31.000Z,https://universalis.app/market/3028
3036,Cotton Dalmatica,Ishtar Anastasia,14915,1,2023-07-21T00:40:54.000Z,https://universalis.app/market/3036
3038,Cotton Dalmatica of Gathering,Bibimbap Yoli,26500,1,2023-07-24T08:23:19.000Z,https://universalis.app/market/3038
3039,Cotton Acton,Evelynn Yui,28750,1,2023-07-17T02:33:56.000Z,https://universalis.app/market/3039
3041,Cotton Kurta,Tamales Muncher,24000,1,2023-08-05T06:48:11.000Z,https://universalis.app/market/3041
3043,Goatskin Jacket,Gabriela Escajeda,975,1,2023-07-24T23:21:45.000Z,https://universalis.app/market/3043
3045,Iron Cuirass,Aria Solis,25000,1,2023-07-13T04:34:37.000Z,https://universalis.app/market/3045
3050,Cotton Halfrobe,Reve Stark,15000,1,2023-07-23T02:15:50.000Z,https://universalis.app/market/3050
3052,Cotton Doublet Vest of Crafting,Diggie Bloodmoon,39999,1,2023-07-18T03:51:47.000Z,https://universalis.app/market/3052
3053,Cotton Doublet Vest of Gathering,Re'gor Tegne,30000,1,2023-08-03T07:33:29.000Z,https://universalis.app/market/3053
3057,Iron Scale Mail,Phantom Valkyria,14900,1,2023-08-07T05:47:44.000Z,https://universalis.app/market/3057
3060,Cotton Trapper's Tunic,Garth Uthole,4999,1,2023-07-26T21:01:35.000Z,https://universalis.app/market/3060
3062,Cotton Robe,Elindyr Linnodel,30000,1,2023-07-25T23:06:45.000Z,https://universalis.app/market/3062
3064,Initiate's Doublet Vest,Maru Fatewriter,18250,1,2023-07-22T12:34:51.000Z,https://universalis.app/market/3064
3065,Initiate's Gown,Spllyn Iam,20000,1,2023-08-02T17:39:48.000Z,https://universalis.app/market/3065
3066,Velveteen Shirt,Mewna Himitsu,20000,1,2023-08-06T04:34:14.000Z,https://universalis.app/market/3066
3068,Heavy Iron Armor,Bibimbap Yoli,30000,1,2023-07-31T23:03:40.000Z,https://universalis.app/market/3068
3076,Vintage Coatee,Mercy Sinner,99000,1,2023-08-01T23:43:44.000Z,https://universalis.app/market/3076
3009,Moth-eaten Coatee,Divina Rae,25000,1,2023-08-01T08:04:35.000Z,https://universalis.app/market/3009
3077,Velveteen Coatee of Crafting,Tokii Ulbright,25000,1,2023-07-27T02:12:19.000Z,https://universalis.app/market/3077
3090,Velveteen Cowl,Mordyn Belmont,22999,1,2023-08-06T04:27:21.000Z,https://universalis.app/market/3090
3092,Velveteen Coatee of Gathering,Diggie Bloodmoon,24000,1,2023-07-17T23:13:23.000Z,https://universalis.app/market/3092
3096,Steel Chainmail,Velra Roda,29999,1,2023-07-28T22:24:09.000Z,https://universalis.app/market/3096
5083,Steel Rings,Lucien Lightborn,1998,1,2023-07-29T03:52:13.000Z,https://universalis.app/market/5083
3099,Toadskin Jerkin,Toshuwa Lightborn,19999,1,2023-07-13T21:18:47.000Z,https://universalis.app/market/3099
3100,Toadskin Jacket,Swift Sleepyway,29999,1,2023-07-29T06:07:41.000Z,https://universalis.app/market/3100
3102,Steel Cuirass,Blade Inky,10000,1,2023-08-01T04:36:54.000Z,https://universalis.app/market/3102
3104,Velveteen Gown,Magister Carpe,30000,1,2023-07-28T14:58:52.000Z,https://universalis.app/market/3104
3105,Vintage Doublet Vest,Bosk Rhelmyr,30000,1,2023-07-23T06:37:46.000Z,https://universalis.app/market/3105
2998,Frayed Cotton Doublet Vest,Kitty Prettylitter,3149,1,2023-08-07T17:01:20.000Z,https://universalis.app/market/2998
3106,Velveteen Robe,Heavy Altir,29999,1,2023-07-17T00:25:19.000Z,https://universalis.app/market/3106
3118,Steel Scale Mail,Soma Claimh,20000,1,2023-07-13T23:44:13.000Z,https://universalis.app/market/3118
3120,Velveteen Doublet Vest of Crafting,Misen Dalmasca,50000,1,2023-07-30T14:40:21.000Z,https://universalis.app/market/3120
3121,Velveteen Doublet Vest of Gathering,Sierra Northwind,49987,1,2023-08-05T14:59:03.000Z,https://universalis.app/market/3121
3125,Linen Shirt,Amenie Gamma,29999,1,2023-07-26T21:57:53.000Z,https://universalis.app/market/3125
3127,Heavy Steel Armor,Aras Seros,16000,1,2023-07-21T01:04:33.000Z,https://universalis.app/market/3127
3131,Linen Robe,Seraph Vynkee,14999,1,2023-08-08T01:37:31.000Z,https://universalis.app/market/3131
3137,Vintage Chef's Apron,Junko Desbear,25000,1,2023-08-01T03:09:38.000Z,https://universalis.app/market/3137
3138,Boarskin Harness,Tekka Maki,25000,1,2023-07-24T03:55:59.000Z,https://universalis.app/market/3138
3140,Linen Cowl,Azisare Tepet,15000,1,2023-07-16T02:07:45.000Z,https://universalis.app/market/3140
3142,Horn Scale Mail,Nix' Molkot,60000,1,2023-08-01T18:15:32.000Z,https://universalis.app/market/3142
3144,Linen Coatee of Crafting,Hanten Lagusa,25000,1,2023-07-16T08:23:00.000Z,https://universalis.app/market/3144
3145,Linen Coatee of Gathering,Autex Taucet,25000,1,2023-07-27T21:24:00.000Z,https://universalis.app/market/3145
3146,Linen Bliaud,Aemlus Karlc,25000,1,2023-07-16T07:52:11.000Z,https://universalis.app/market/3146
3147,Woolen Shirt,Aireo Buni,39995,1,2023-08-09T13:10:05.000Z,https://universalis.app/market/3147
3149,Mythril Cuirass,Zain Wind,45000,1,2023-08-05T07:11:28.000Z,https://universalis.app/market/3149
3160,Woolen Robe,Elenari Drakthorn,47000,1,2023-07-31T18:39:50.000Z,https://universalis.app/market/3160
3162,Linen Smock,Rue Bix-kyoob,30000,1,2023-07-23T20:22:21.000Z,https://universalis.app/market/3162
3163,Linen Doublet,Fen Aaoki,11969,1,2023-07-13T01:40:53.000Z,https://universalis.app/market/3163
3021,Blackened Scale Mail,Mog's Light,10000,1,2023-07-13T14:50:26.000Z,https://universalis.app/market/3021
3165,Peisteskin Harness,Dabomb Diggity,25000,1,2023-07-21T23:58:27.000Z,https://universalis.app/market/3165
3172,Ranger's Tunic,Saphira Sanvi-ame,8000,1,2023-07-18T22:24:15.000Z,https://universalis.app/market/3172
3174,Mythril Haubergeon,Lucian Lycangard,21999,1,2023-07-30T22:03:32.000Z,https://universalis.app/market/3174
3176,Woolen Gown,Suza'zi Zossau,39999,1,2023-08-04T05:54:54.000Z,https://universalis.app/market/3176
3177,Boarskin Jerkin,Brooklyn Tempest,21999,1,2023-07-24T14:35:27.000Z,https://universalis.app/market/3177
3178,Woolen Bliaud,Nori Matsutake,6500,1,2023-07-29T02:31:15.000Z,https://universalis.app/market/3178
3182,Vintage Seneschal Coatee,Fraiya Naxos,13499,1,2023-07-16T09:56:30.000Z,https://universalis.app/market/3182
3098,Moth-eaten Seneschal Coatee,Katsume Tsukiko,25000,1,2023-08-06T13:31:18.000Z,https://universalis.app/market/3098
3183,Tortoiseshell Scale Mail,Ahsook Dailow,14999,1,2023-08-02T01:33:06.000Z,https://universalis.app/market/3183
3185,Felt Robe,Strawberry Melun,22999,1,2023-08-05T03:10:54.000Z,https://universalis.app/market/3185
3187,Woolen Smock,Klain Snjor,15000,1,2023-08-06T15:24:20.000Z,https://universalis.app/market/3187
3188,Woolen Doublet,Nyanta Jurai,19999,1,2023-07-16T20:14:33.000Z,https://universalis.app/market/3188
3191,Raptorskin Harness,S'ahir Al-azem,100000000,1,2023-08-02T21:45:38.000Z,https://universalis.app/market/3191
3193,Woolen Cowl,Ozwyn Murciel,13000,1,2023-07-18T02:54:52.000Z,https://universalis.app/market/3193
3201,Rainmaker's Tunic,Cassie Ionna,21000,1,2023-08-04T23:27:00.000Z,https://universalis.app/market/3201
3203,Cobalt Haubergeon,Nira Night,49999,1,2023-08-01T05:07:55.000Z,https://universalis.app/market/3203
3205,Felt Gown,Dex N'rhelh,40000,1,2023-07-26T02:29:40.000Z,https://universalis.app/market/3205
3206,Raptorskin Jerkin,Aurora Spinner,44444,1,2023-07-13T16:29:42.000Z,https://universalis.app/market/3206
3208,Vintage Robe,Basic Knight,47000,1,2023-08-03T07:09:41.000Z,https://universalis.app/market/3208
3108,Tattered Robe,Kiba Xing,2000,1,2023-08-01T03:25:52.000Z,https://universalis.app/market/3108
3209,Cobalt Cuirass,Haurchefant Aetherkin,29999,1,2023-07-24T19:09:00.000Z,https://universalis.app/market/3209
3211,Felt Bliaud,Moira Bayaqud,25000,1,2023-07-16T17:59:35.000Z,https://universalis.app/market/3211
3213,Raptorskin Jacket,Vonloke Rose,34995,1,2023-07-14T06:48:08.000Z,https://universalis.app/market/3213
3215,Patrician's Coatee,Hilda Healerpants,49999,1,2023-07-24T22:21:09.000Z,https://universalis.app/market/3215
3218,Vintage Haubergeon,Krit Djt-gilda,8800,1,2023-07-20T01:50:47.000Z,https://universalis.app/market/3218
3059,Ripped Haubergeon,Skiros Drakon,3470,1,2023-07-30T08:16:44.000Z,https://universalis.app/market/3059
3229,Carpenter's Gown,Lilia Iris,27800,1,2023-07-30T03:24:36.000Z,https://universalis.app/market/3229
3230,Blacksmith's Apron,Maellun Sunmane,84991,1,2023-07-29T21:36:31.000Z,https://universalis.app/market/3230
3231,Armorer's Gown,Lilia Iris,55555,1,2023-08-01T23:00:23.000Z,https://universalis.app/market/3231
3232,Goldsmith's Doublet,Lust Ul'timecia,45000,1,2023-07-22T21:40:40.000Z,https://universalis.app/market/3232
3233,Leatherworker's Shirt,Lilia Iris,25000,1,2023-08-01T22:54:36.000Z,https://universalis.app/market/3233
3234,Weaver's Swallowtail,Kerina Surfrider,85000,1,2023-08-06T21:16:14.000Z,https://universalis.app/market/3234
3235,Alchemist's Coat,Pluvia Djt-setlas,40000,1,2023-07-23T02:28:06.000Z,https://universalis.app/market/3235
3236,Culinarian's Apron,Kehda Tyeres,50000,1,2023-07-18T23:52:57.000Z,https://universalis.app/market/3236
3237,Miner's Shirt,Meila'ari Drachanyx,50000,1,2023-07-19T04:05:41.000Z,https://universalis.app/market/3237
3238,Botanist's Doublet,Lilia Iris,65000,1,2023-08-01T23:02:50.000Z,https://universalis.app/market/3238
3239,Fisher's Shirt,Premium Heart,69999,1,2023-08-02T18:44:49.000Z,https://universalis.app/market/3239
3240,Militia Robe,Ozwyn Murciel,5119,1,2023-07-18T02:51:40.000Z,https://universalis.app/market/3240
3241,Militia Cuirass,Spllyn Iam,1969,1,2023-08-01T05:28:52.000Z,https://universalis.app/market/3241
3242,Militia Harness,Fizzy Jay,32090,1,2023-07-29T19:35:51.000Z,https://universalis.app/market/3242
3243,Mosshorn Scale Mail,Ryosen Kazarishi,60000,1,2023-07-31T02:31:28.000Z,https://universalis.app/market/3243
5437,Mossy Horn,Bree Ofthebunny,399,1,2023-07-22T02:13:46.000Z,https://universalis.app/market/5437
3244,Dodore Doublet,Yuri Diarmuid,99998,1,2023-07-30T10:22:17.000Z,https://universalis.app/market/3244
5286,Dodore Leather,Kai D'vine,3250,2,2023-07-22T04:59:06.000Z,https://universalis.app/market/5286
3249,Imperial Operative Dalmatica,Spllyn Iam,3000,1,2023-07-31T17:30:26.000Z,https://universalis.app/market/3249
3256,Heavy Darksteel Armor,Person Someones,20000,1,2023-07-14T23:39:51.000Z,https://universalis.app/market/3256
5585,Darksteel Breastplate,Didrianna Winterset,2395,1,2023-07-27T01:24:55.000Z,https://universalis.app/market/5585
3257,Darksteel Haubergeon,Diana Rivael,6000,1,2023-07-21T00:55:56.000Z,https://universalis.app/market/3257
5105,Garlean Steel Plate,Yuma Atara,750,2,2023-07-22T17:21:51.000Z,https://universalis.app/market/5105
3258,Gryphonskin Jerkin,La Dood,7699,1,2023-07-30T21:02:35.000Z,https://universalis.app/market/3258
5290,Coeurl Fur,Val Kitath,469,1,2023-07-29T08:13:36.000Z,https://universalis.app/market/5290
5581,Gryphonskin Shoulder Guards,Didrianna Winterset,2195,1,2023-07-27T01:24:15.000Z,https://universalis.app/market/5581
3259,Gryphonskin Tunic,Nori Matsutake,2999,1,2023-08-05T19:54:19.000Z,https://universalis.app/market/3259
5104,Garlean Steel Joint,Riy'han Moloth,1700,1,2023-07-17T00:37:34.000Z,https://universalis.app/market/5104
3260,Vanya Robe of Casting,Ozwyn Murciel,5000,1,2023-07-18T02:49:38.000Z,https://universalis.app/market/3260
5578,Vanya Silk Robe Lining,Didrianna Winterset,2450,2,2023-07-16T00:54:34.000Z,https://universalis.app/market/5578
3261,Vanya Robe of Healing,Deltia Luminare,4100,1,2023-07-26T22:51:24.000Z,https://universalis.app/market/3261
3274,Hempen Breeches,Anastasia Krabs,90000,1,2023-07-16T03:51:32.000Z,https://universalis.app/market/3274
3275,Hempen Breeches of Crafting,Marci Sunkeeper,3250,1,2023-07-16T21:14:55.000Z,https://universalis.app/market/3275
3276,Hempen Shepherd's Slops,Jolaine Josseloux,5000,1,2023-07-30T06:07:34.000Z,https://universalis.app/market/3276
3307,Hempen Underpants,Aayan Relanah,30000,1,2023-08-04T06:57:48.000Z,https://universalis.app/market/3307
3308,Hempen Pantalettes,Suke Ioris,40000000,1,2023-07-15T01:02:07.000Z,https://universalis.app/market/3308
