id,name,buyerName,pricePerUnit,quantity,timestamp,universalisUrl
1602,Bronze Bastard Sword,Mae Zarya,700000,1,2023-12-05T17:04:42.000Z,https://universalis.app/market/1602
2,Fire Shard,Azie Emet,300001,1,2023-12-12T04:31:09.000Z,https://universalis.app/market/2
5,Earth Shard,Muffin Oftin,175,55,2023-11-18T06:55:41.000Z,https://universalis.app/market/5
5056,Bronze Ingot,Astray Eclipse,750,18,2023-11-25T15:40:25.000Z,https://universalis.app/market/5056
5361,Maple Lumber,Aenyxtheis Elyseios,750,2,2023-11-26T02:46:42.000Z,https://universalis.app/market/5361
5432,Bone Chip,Icarus Sundragon,500,11,2023-11-18T21:06:32.000Z,https://universalis.app/market/5432
1603,Viking Sword,Marielle Glace,10000000,1,2023-12-06T03:00:40.000Z,https://universalis.app/market/1603
5275,Leather,Azisare Tepet,110,3,2023-11-17T02:46:02.000Z,https://universalis.app/market/5275
1604,Ash Macuahuitl,Thane Kholin,6000,1,2023-12-01T21:37:58.000Z,https://universalis.app/market/1604
3,Ice Shard,Pfeil Nehwa,175,55,2023-11-21T14:20:33.000Z,https://universalis.app/market/3
4,Wind Shard,Canadian Doge,175,55,2023-12-03T22:30:58.000Z,https://universalis.app/market/4
5124,Obsidian,Rishu Syer,155,20,2023-12-07T05:23:18.000Z,https://universalis.app/market/5124
5364,Ash Lumber,Astray Eclipse,15000,2,2023-11-25T16:13:07.000Z,https://universalis.app/market/5364
1605,Bronze Spatha,Shoko Ieiri,36900,1,2023-12-01T00:19:47.000Z,https://universalis.app/market/1605
5276,Hard Leather,Vyran Graves,499,1,2023-11-17T00:37:49.000Z,https://universalis.app/market/5276
5434,Ram Horn,Apollo Luna,400,2,2023-11-26T05:21:16.000Z,https://universalis.app/market/5434
1607,Brass Bastard Sword,Sorsha Tears,15000,1,2023-11-21T06:21:17.000Z,https://universalis.app/market/1607
5063,Brass Ingot,Bexalia Asteria,2000,1,2023-12-10T23:41:16.000Z,https://universalis.app/market/5063
1609,Brass Viking Sword,Karyn Ava,2500,1,2023-11-26T06:05:29.000Z,https://universalis.app/market/1609
5277,Aldgoat Leather,Eros Calsiferii,5000,10,2023-11-18T18:04:10.000Z,https://universalis.app/market/5277
1611,Carnage Sword,Barnabas Lasbrot,900,1,2023-11-26T01:54:06.000Z,https://universalis.app/market/1611
1614,Iron Shortsword,Sorsha Tears,15000,1,2023-11-22T20:56:07.000Z,https://universalis.app/market/1614
5057,Iron Ingot,Cezi Lotye,1000,99,2023-11-15T02:05:10.000Z,https://universalis.app/market/5057
5367,Elm Lumber,Dorian Forbess,1500,1,2023-12-02T04:49:09.000Z,https://universalis.app/market/5367
1622,Iron Spatha,Inw Bk,417,1,2023-11-18T08:06:05.000Z,https://universalis.app/market/1622
5435,Antelope Horn,Vuli Livu,950,2,2023-11-16T03:44:14.000Z,https://universalis.app/market/5435
1625,Steel Broadsword,Gator Nim,12000,1,2023-11-20T04:50:58.000Z,https://universalis.app/market/1625
5058,Steel Ingot,Lilymarie Bean,10000,2,2023-11-16T06:00:17.000Z,https://universalis.app/market/5058
5371,Walnut Lumber,Helix Nova,4000,1,2023-11-17T15:06:09.000Z,https://universalis.app/market/5371
5444,Wolf Fang,Haru Kai,1501,2,2023-12-10T16:39:43.000Z,https://universalis.app/market/5444
1627,Elm Macuahuitl,Astrea Ghost,828,1,2023-11-15T04:21:43.000Z,https://universalis.app/market/1627
1633,Steel Falchion,Puan Maharana,25000,1,2023-12-04T03:44:28.000Z,https://universalis.app/market/1633
5260,Siltstone Whetstone,Miso Moonbourne,5000,80,2023-11-29T10:39:34.000Z,https://universalis.app/market/5260
8,Fire Crystal,Divinix Windstar,85,1000,2023-11-25T22:29:05.000Z,https://universalis.app/market/8
1606,Blunt Bastard Sword,Eden Tarn,10000,1,2023-11-27T07:30:52.000Z,https://universalis.app/market/1606
5259,Mudstone Whetstone,Suave Thewise,6000,2,2023-11-17T15:52:23.000Z,https://universalis.app/market/5259
1637,Walnut Macuahuitl,Hazel Owsla,7498,1,2023-11-26T01:40:53.000Z,https://universalis.app/market/1637
5125,Wyvern Obsidian,Unkupo Zeno,401,20,2023-12-06T15:59:51.000Z,https://universalis.app/market/5125
1639,Steel Longsword,Tiugh Athair,18000,1,2023-11-22T02:19:27.000Z,https://universalis.app/market/1639
5504,Fish Glue,Axewyb Beegeimwyn,900,1,2023-12-03T21:42:37.000Z,https://universalis.app/market/5504
1613,Blunt Goblin Scimitar,Sky Ice,2000,1,2023-11-17T03:31:11.000Z,https://universalis.app/market/1613
1643,Mythril Broadsword,Beer Pup,30000,1,2023-11-22T22:19:16.000Z,https://universalis.app/market/1643
5065,Mythril Ingot,Michael Hatsune,2400,10,2023-11-25T17:43:47.000Z,https://universalis.app/market/5065
5373,Oak Lumber,Shin Takeru,5000,10,2023-12-05T01:35:36.000Z,https://universalis.app/market/5373
1648,Vintage Viking Sword,Telesa Hwynn,35000,1,2023-11-28T01:13:17.000Z,https://universalis.app/market/1648
11,Earth Crystal,Joxe Valfre,175,55,2023-12-04T09:18:16.000Z,https://universalis.app/market/11
1649,Goblin Longsword,Ryuhiko Heavenscribe,17999,1,2023-11-19T15:47:29.000Z,https://universalis.app/market/1649
1621,Blunt Goblin Longsword,Watchdog Journey,11000,1,2023-11-18T04:07:11.000Z,https://universalis.app/market/1621
5262,Basilisk Whetstone,Arylwren Farstrider,3500,1,2023-11-22T01:08:29.000Z,https://universalis.app/market/5262
1650,Plumed Oak Macuahuitl,Nine-the Phantom,2500,1,2023-11-17T10:37:28.000Z,https://universalis.app/market/1650
5360,Wildfowl Feather,Talaniya Alexandria,2000,1,2023-11-16T01:17:09.000Z,https://universalis.app/market/5360
1657,Cobalt Katzbalger,Zero Amiya,22000,1,2023-11-27T16:54:28.000Z,https://universalis.app/market/1657
5059,Cobalt Ingot,Lucien Lightborn,2500,10,2023-11-18T01:55:11.000Z,https://universalis.app/market/5059
5066,Electrum Ingot,Nihilun Vale,6000,1,2023-12-11T02:17:52.000Z,https://universalis.app/market/5066
5282,Boar Leather,Shen Flips,9500,1,2023-12-11T22:50:39.000Z,https://universalis.app/market/5282
1659,Cobalt Shamshir,Coleman Qedashin,49999,1,2023-11-23T05:08:33.000Z,https://universalis.app/market/1659
5436,Aldgoat Horn,Nezuko Urokodaki,650,2,2023-11-19T03:30:21.000Z,https://universalis.app/market/5436
1663,Cobalt Winglet,Sinafay T'sarran,50000,1,2023-12-10T01:51:54.000Z,https://universalis.app/market/1663
5374,Mahogany Lumber,Eros Calsiferii,3500,1,2023-11-18T20:10:56.000Z,https://universalis.app/market/5374
5465,Sunrise Tellin,Air Eeo,989,6,2023-11-22T21:57:07.000Z,https://universalis.app/market/5465
5505,Horn Glue,Apollo Luna,10600,1,2023-11-24T11:39:32.000Z,https://universalis.app/market/5505
1666,Giantsgall Longsword,Eley Lalafeley,12749,1,2023-11-15T03:11:33.000Z,https://universalis.app/market/1666
18,Lightning Cluster,Amber Wood,300,600,2023-12-04T18:58:38.000Z,https://universalis.app/market/18
19,Water Cluster,Aziel Yotsune,235,600,2023-11-21T20:30:23.000Z,https://universalis.app/market/19
7620,Diluted Vitriol,Orion Wil'o,300,8,2023-11-16T03:25:05.000Z,https://universalis.app/market/7620
1670,Aeolian Scimitar,Yukina Luz,32948,1,2023-12-08T06:10:36.000Z,https://universalis.app/market/1670
1636,Blunt Aeolian Scimitar,Mae Zarya,2500000,1,2023-12-05T22:35:50.000Z,https://universalis.app/market/1636
5061,Darksteel Nugget,Sunrise Lockhart,7000,1,2023-11-18T06:02:57.000Z,https://universalis.app/market/5061
1673,Mailbreaker,Cat Tippings,4500,1,2023-11-24T23:37:04.000Z,https://universalis.app/market/1673
14,Fire Cluster,Mr Reyes',300,100,2023-12-08T06:23:55.000Z,https://universalis.app/market/14
17,Earth Cluster,Ultima Stormbringer,200,50,2023-11-24T21:31:53.000Z,https://universalis.app/market/17
5068,Rose Gold Nugget,Keygon Drakenguard,100000,1,2023-11-25T18:52:48.000Z,https://universalis.app/market/5068
5288,Hippogryph Leather,Orion Wil'o,30000,1,2023-11-16T03:12:31.000Z,https://universalis.app/market/5288
5570,Mailbreaker Blade,Thryn Ofthemoonlitcat,2500,2,2023-11-21T08:25:55.000Z,https://universalis.app/market/5570
1681,Bone Hora,Jen Booty,19850,1,2023-11-26T21:36:44.000Z,https://universalis.app/market/1681
5318,Animal Sinew,Hobert Fish,111,99,2023-12-10T05:45:20.000Z,https://universalis.app/market/5318
5324,Undyed Hempen Cloth,Happy Fellow,400,2,2023-12-07T06:30:48.000Z,https://universalis.app/market/5324
1683,Ramhorn Claws,Matrim Finn,7990,1,2023-11-17T16:00:12.000Z,https://universalis.app/market/1683
1684,Bronze Knuckles,Cibi Rizibi,555,1,2023-11-25T05:53:56.000Z,https://universalis.app/market/1684
1685,Hard Leather Himantes,Nawdie D'fun,511,1,2023-12-01T15:53:05.000Z,https://universalis.app/market/1685
1686,Brass Knuckles,Rin Chii,7000,1,2023-11-27T22:19:04.000Z,https://universalis.app/market/1686
1688,Goatskin Cesti,Karyn Ava,1399,1,2023-11-26T06:04:36.000Z,https://universalis.app/market/1688
5319,Beast Sinew,Seph Delarosa,1000,4,2023-11-25T00:39:33.000Z,https://universalis.app/market/5319
5072,Iron Plate,Aizileona Gethmara,501,1,2023-11-15T20:53:56.000Z,https://universalis.app/market/5072
1697,Toadskin Cesti,Exeo Ryoth,1100,1,2023-12-04T16:37:19.000Z,https://universalis.app/market/1697
5280,Toad Leather,Sidon Bearpants,70001,61,2023-11-21T04:23:30.000Z,https://universalis.app/market/5280
5320,Diremite Sinew,Potato Plato,850,2,2023-11-17T17:01:46.000Z,https://universalis.app/market/5320
1699,Steel Claws,Reticent Mystic,1500,1,2023-12-06T09:15:23.000Z,https://universalis.app/market/1699
5073,Steel Plate,Nicolette Duclare,1500,2,2023-12-06T05:08:28.000Z,https://universalis.app/market/5073
1706,Crabshell Hora,Vayshan Amortune,13000,1,2023-12-07T11:30:29.000Z,https://universalis.app/market/1706
5321,Hippogryph Sinew,Otis Sosotis,1000,2,2023-11-24T23:56:02.000Z,https://universalis.app/market/5321
5456,Green Megalocrab Shell,Tang Tang,501,1,2023-11-17T02:57:54.000Z,https://universalis.app/market/5456
1708,Boarskin Himantes,Zoey Valentine,50000,1,2023-12-02T08:09:49.000Z,https://universalis.app/market/1708
1711,Mythril Claws,Aries Kahlok,25000,1,2023-11-23T20:49:31.000Z,https://universalis.app/market/1711
5079,Mythril Plate,Malothe Allanbright,5003,2,2023-12-07T03:24:38.000Z,https://universalis.app/market/5079
1716,Tortoiseshell Hora,Air Eeo,18000,1,2023-12-07T04:28:21.000Z,https://universalis.app/market/1716
5322,Raptor Sinew,Franz Richtofen,1900,4,2023-11-21T22:54:39.000Z,https://universalis.app/market/5322
5458,Adamantoise Shell,Bel Phine,1,9,2023-11-17T21:35:16.000Z,https://universalis.app/market/5458
1723,Cobalt Knuckles,Cezi Lotye,49999,1,2023-11-15T02:19:04.000Z,https://universalis.app/market/1723
1728,Peisteskin Cesti,Xano Suke,9000,1,2023-11-21T15:47:10.000Z,https://universalis.app/market/1728
5284,Peiste Leather,Shizuka Inozuka,2499,1,2023-11-28T00:22:26.000Z,https://universalis.app/market/5284
1732,Vintage Hora,Umbra Ardere,20000,1,2023-11-29T05:26:54.000Z,https://universalis.app/market/1732
5285,Raptor Leather,Alkali Krylios,1002,1,2023-11-27T11:53:12.000Z,https://universalis.app/market/5285
1733,Cobalt Claws,Googly' Moogly,10000,1,2023-11-26T15:25:26.000Z,https://universalis.app/market/1733
5074,Cobalt Plate,Sorsha Bavmorda,5000,2,2023-11-15T09:44:29.000Z,https://universalis.app/market/5074
1736,Giantsgall Claws,Subaru Oogumo,800,1,2023-11-19T08:23:59.000Z,https://universalis.app/market/1736
1740,Wildling's Cesti,Dolly Purrton,69999,1,2023-11-16T15:34:04.000Z,https://universalis.app/market/1740
10,Wind Crystal,Mako Izumi,175,55,2023-11-16T19:44:06.000Z,https://universalis.app/market/10
5567,Bloody Cesti Covers,Ms Eldari,2114,1,2023-12-01T10:36:04.000Z,https://universalis.app/market/5567
1743,Avengers,Cat Twinnings,2964,1,2023-11-24T23:27:02.000Z,https://universalis.app/market/1743
5378,Spruce Lumber,Bellatrix Moonchild,10002,1,2023-11-21T23:44:20.000Z,https://universalis.app/market/5378
5571,Avenger Grips,Thryn Ofthemoonlitcat,2424,2,2023-11-21T08:26:09.000Z,https://universalis.app/market/5571
1750,Bronze War Axe,Monka Finna'gonna,2968,1,2023-11-30T08:00:29.000Z,https://universalis.app/market/1750
1751,Bronze Labrys,Caleina Hidashi,200,1,2023-11-16T20:18:17.000Z,https://universalis.app/market/1751
1752,Cloud Axe,Dino Punch-kick,1999,1,2023-11-24T23:29:07.000Z,https://universalis.app/market/1752
1753,Spiked Bronze Labrys,Hotaru Kurogane,1500,1,2023-11-25T00:22:37.000Z,https://universalis.app/market/1753
1754,Iron War Axe,Dex Cleaver,10000,1,2023-11-24T19:55:04.000Z,https://universalis.app/market/1754
1756,Iron Labrys,Otter Alloces,14799,1,2023-11-19T08:43:50.000Z,https://universalis.app/market/1756
1758,Inferno Axe,Penta Nox,3075,1,2023-12-03T22:13:13.000Z,https://universalis.app/market/1758
1764,Iron Bill,Nezuko Urokodaki,3026,1,2023-11-15T03:12:19.000Z,https://universalis.app/market/1764
4856,Clove Oil,Xzidanex Fair,1140,7,2023-12-07T08:10:38.000Z,https://universalis.app/market/4856
5368,Yew Lumber,Autumn Dawn,2183,1,2023-11-26T23:43:16.000Z,https://universalis.app/market/5368
1766,Thunderstorm Axe,Arturius Blackheart,1000,1,2023-11-26T11:34:18.000Z,https://universalis.app/market/1766
5064,Silver Ingot,Goth-bunnyvamp Gothic,4000,1,2023-11-15T20:29:03.000Z,https://universalis.app/market/5064
1769,Spiked Steel Labrys,Arturius Blackheart,6000,1,2023-11-28T21:44:03.000Z,https://universalis.app/market/1769
1776,Steel Bardiche,Xeos Xeor,22000,1,2023-11-27T00:48:40.000Z,https://universalis.app/market/1776
5405,Yew Branch,Darli Dagger,200,1,2023-12-03T03:14:52.000Z,https://universalis.app/market/5405
1778,Steel Bhuj,Eric Anthony,39999,1,2023-11-22T21:08:18.000Z,https://universalis.app/market/1778
1781,Spiked Mythril Labrys,Elia Nerok,26999,1,2023-11-30T17:58:35.000Z,https://universalis.app/market/1781
1786,Mythril Bhuj,Ven Oronir,27999,1,2023-11-24T02:45:57.000Z,https://universalis.app/market/1786
1796,Buccaneer's Bardiche,Chiull Malqir,49999,1,2023-12-06T14:04:44.000Z,https://universalis.app/market/1796
5414,Rosewood Branch,Mykhala Whiteflame,100,6,2023-11-22T22:58:13.000Z,https://universalis.app/market/5414
1800,Vintage Bill,Ven Oronir,35000,1,2023-11-24T23:35:46.000Z,https://universalis.app/market/1800
1801,Demilune Bhuj,Pandora Jade,40000,1,2023-11-17T03:00:17.000Z,https://universalis.app/market/1801
5196,Jadeite,Alaric Benedictus,3000,1,2023-11-30T21:51:15.000Z,https://universalis.app/market/5196
1803,Spiked Cobalt Labrys,Mephisto Baelfire,80000,1,2023-11-19T20:24:57.000Z,https://universalis.app/market/1803
5376,Rosewood Lumber,Ripley Love,3500,1,2023-11-19T03:00:01.000Z,https://universalis.app/market/5376
1806,Giantsgall War Axe,Elissa Belladon,1065,1,2023-11-26T20:32:59.000Z,https://universalis.app/market/1806
1810,Barbarian's Bardiche,Hazel Rae,67617,1,2023-12-07T09:50:48.000Z,https://universalis.app/market/1810
5566,Bloody Bardiche Head,Esailia Zarpos,9160,1,2023-11-27T03:06:04.000Z,https://universalis.app/market/5566
1813,Rampager,Pura Brightburn,5000,1,2023-11-18T18:17:57.000Z,https://universalis.app/market/1813
5075,Darksteel Plate,Kiba Xing,6000,1,2023-11-26T05:02:03.000Z,https://universalis.app/market/5075
5572,Rampager Head,Thryn Ofthemoonlitcat,2500,2,2023-11-21T08:26:23.000Z,https://universalis.app/market/5572
1820,Bone Harpoon,Griever Beoulve,3000,1,2023-11-28T08:07:45.000Z,https://universalis.app/market/1820
5503,Animal Glue,Lilymarie Bean,444,1,2023-12-06T06:48:16.000Z,https://universalis.app/market/5503
1821,Bronze Spear,Icarus Sundragon,9450,1,2023-11-21T00:22:28.000Z,https://universalis.app/market/1821
5482,Fish Oil,Azisare Tepet,801,5,2023-11-17T02:46:18.000Z,https://universalis.app/market/5482
1822,Ramhorn Harpoon,Dino Punch-kick,4000,1,2023-11-24T19:12:25.000Z,https://universalis.app/market/1822
1823,Feathered Harpoon,Naomi Kusakari,9009,1,2023-11-20T01:48:25.000Z,https://universalis.app/market/1823
5352,Crow Feather,Khasar Orl,400,4,2023-11-18T06:17:54.000Z,https://universalis.app/market/5352
5433,Soiled Femur,Kailani Mahina,501,1,2023-12-01T01:19:02.000Z,https://universalis.app/market/5433
1824,Brass Spear,Riku Agatsuma,800,1,2023-11-18T19:56:35.000Z,https://universalis.app/market/1824
1825,Iron Spear,Eros Calsiferii,5000,1,2023-11-18T17:36:07.000Z,https://universalis.app/market/1825
1827,Iron Lance,Naomi Kusakari,99999,1,2023-11-20T01:48:42.000Z,https://universalis.app/market/1827
1833,Iron Guisarme,Smeagle Neshbit,499,1,2023-11-16T10:09:21.000Z,https://universalis.app/market/1833
1836,Silver Battle Fork,King Vill,2970,1,2023-11-17T03:47:49.000Z,https://universalis.app/market/1836
5484,Crab Oil,Arioz Noirlune,6000,1,2023-11-25T19:25:50.000Z,https://universalis.app/market/5484
1838,Steel Halberd,Desdemora Viautroix,2500,1,2023-12-07T03:26:16.000Z,https://universalis.app/market/1838
1845,Steel Spear,Joan Madden,10000,1,2023-12-05T16:48:22.000Z,https://universalis.app/market/1845
1847,Heavy Steel Lance,Beer Pup,10000,1,2023-11-22T22:19:01.000Z,https://universalis.app/market/1847
1850,Yarzonshell Harpoon,Froo Defroo,5000,1,2023-11-15T11:19:31.000Z,https://universalis.app/market/1850
5454,Yellow Yarzon Leg,Hue Mann,51,2,2023-11-20T07:38:45.000Z,https://universalis.app/market/5454
1855,Mythril Lance,Riku Agatsuma,25000,1,2023-11-23T03:53:00.000Z,https://universalis.app/market/1855
1862,Cobalt Halberd,Yumeko Jambi,89999,1,2023-12-10T07:30:41.000Z,https://universalis.app/market/1862
1867,Cobalt Trident,Ouka Ootori,25000,1,2023-12-03T10:03:02.000Z,https://universalis.app/market/1867
5486,Shark Oil,Kalliope Mezzo,3995,10,2023-11-19T20:14:37.000Z,https://universalis.app/market/5486
1871,Vintage Guisarme,Cyberia Wyrd,5000,1,2023-11-22T12:47:19.000Z,https://universalis.app/market/1871
9,Ice Crystal,Joxe Valfre,1552,30,2023-12-04T09:18:00.000Z,https://universalis.app/market/9
1872,Hart Guisarme,Aries Kahlok,5001,1,2023-12-04T04:11:15.000Z,https://universalis.app/market/1872
1875,Giantsgall Trident,Neoma Camarin,2365,1,2023-12-04T00:34:01.000Z,https://universalis.app/market/1875
1879,Champion's Lance,Bojangels Mhw,72000,1,2023-12-11T04:16:27.000Z,https://universalis.app/market/1879
5565,Bloody Lance Head,Rewriter Sylveon,4000,1,2023-12-04T13:45:34.000Z,https://universalis.app/market/5565
1882,Obelisk,Unlucky Dragoon,1798,1,2023-12-04T02:19:38.000Z,https://universalis.app/market/1882
5573,Obelisk Head,Thryn Ofthemoonlitcat,2400,2,2023-11-21T08:26:34.000Z,https://universalis.app/market/5573
1891,Maple Shortbow,Koznhevikova Rhiikoro,10000,1,2023-11-21T06:16:28.000Z,https://universalis.app/market/1891
5333,Hempen Yarn,Lilah Rose,420,29,2023-11-15T07:30:28.000Z,https://universalis.app/market/5333
1892,Maple Longbow,Koznhevikova Rhiikoro,7900,1,2023-12-01T00:11:31.000Z,https://universalis.app/market/1892
5396,Maple Branch,Takemikazuchi Ak,350,5,2023-12-04T14:58:11.000Z,https://universalis.app/market/5396
1893,Plumed Maple Shortbow,Limitless Sky,100,1,2023-11-27T05:49:51.000Z,https://universalis.app/market/1893
5351,Cock Feather,Toaster Stroodel,200,1,2023-12-12T02:48:45.000Z,https://universalis.app/market/5351
1894,Wrapped Maple Longbow,Natania Alexandria,1000,1,2023-11-26T04:06:54.000Z,https://universalis.app/market/1894
5402,Ash Branch,Fox Warbird,475,10,2023-11-17T13:15:23.000Z,https://universalis.app/market/5402
1895,Ash Shortbow,Art Fray,500000,1,2023-11-19T17:43:18.000Z,https://universalis.app/market/1895
1897,Elm Longbow,Johnny-jeans Deno,2000,1,2023-12-01T03:17:25.000Z,https://universalis.app/market/1897
5334,Cotton Yarn,Z'mhati Bladedancer,301,99,2023-12-01T16:41:47.000Z,https://universalis.app/market/5334
1899,Elm Velocity Bow,Muffin Oftin,12000,1,2023-11-24T01:46:09.000Z,https://universalis.app/market/1899
1905,Wrapped Elm Longbow,Lobster Salad,1000,1,2023-11-23T23:12:53.000Z,https://universalis.app/market/1905
1908,Ash Composite Bow,Kitteh Darwin,7000,1,2023-11-18T09:16:21.000Z,https://universalis.app/market/1908
1915,Ash Cavalry Bow,Fialova Bobule,10000,1,2023-11-16T20:34:30.000Z,https://universalis.app/market/1915
5409,Oak Branch,Mykhala Whiteflame,700,10,2023-11-16T00:11:00.000Z,https://universalis.app/market/5409
1917,Oak Longbow,Eros Calsiferii,30000,1,2023-11-18T18:43:05.000Z,https://universalis.app/market/1917
5336,Linen Yarn,Sabine Cheol,1493,2,2023-11-15T01:29:54.000Z,https://universalis.app/market/5336
1920,Mythril Cavalry Bow,Zoey Knight,20000,1,2023-11-18T02:08:19.000Z,https://universalis.app/market/1920
1925,Oak Composite Bow,Naomi Kusakari,39900,1,2023-11-20T01:49:57.000Z,https://universalis.app/market/1925
1932,Cobalt Cavalry Bow,Fallexi Vallandros,24990,1,2023-11-26T00:17:33.000Z,https://universalis.app/market/1932
1937,Yew Longbow,Aro Godo,70000,1,2023-11-20T13:42:29.000Z,https://universalis.app/market/1937
1941,Vintage Bow,Melkad Rhaniasch,35000,1,2023-11-26T21:18:02.000Z,https://universalis.app/market/1941
1942,Crab Bow,Darth Adriano,49999,1,2023-11-17T14:52:59.000Z,https://universalis.app/market/1942
5462,Red Coral,Mykhala Whiteflame,5000,1,2023-11-16T23:28:28.000Z,https://universalis.app/market/5462
1945,Giantsgall Longbow,Lily Lowenherz,400,1,2023-11-26T09:58:34.000Z,https://universalis.app/market/1945
1949,Longarm's Composite Bow,Ronni Ray,66799,1,2023-11-19T22:37:35.000Z,https://universalis.app/market/1949
5568,Bloody Bow Rim,Ms Eldari,2222,1,2023-11-28T10:57:39.000Z,https://universalis.app/market/5568
1953,Sarnga,Vicia Faba,845,1,2023-12-07T17:38:07.000Z,https://universalis.app/market/1953
15,Ice Cluster,Muffin Oftin,5000,1,2023-11-18T06:54:15.000Z,https://universalis.app/market/15
16,Wind Cluster,Sophie Meadowbrook,1001,4,2023-11-21T00:31:28.000Z,https://universalis.app/market/16
5574,Sarnga Limb,Thryn Ofthemoonlitcat,2394,2,2023-11-21T08:26:41.000Z,https://universalis.app/market/5574
1958,Maple Wand,Serena Relanah,15000,1,2023-12-01T12:32:42.000Z,https://universalis.app/market/1958
6,Lightning Shard,Pfeil Nehwa,175,55,2023-11-21T14:19:12.000Z,https://universalis.app/market/6
7,Water Shard,Pfeil Nehwa,175,55,2023-11-21T14:19:46.000Z,https://universalis.app/market/7
5470,Growth Formula Alpha,Odaedo Atara,3000,1,2023-11-21T20:55:18.000Z,https://universalis.app/market/5470
1959,Whispering Maple Wand,Eur Thumb,5000,1,2023-11-19T09:50:58.000Z,https://universalis.app/market/1959
1960,Budding Maple Wand,Exeo Ryoth,4999,1,2023-12-02T00:38:54.000Z,https://universalis.app/market/1960
5492,Beastkin Blood,Autumn Dawn,11,1,2023-11-26T23:48:04.000Z,https://universalis.app/market/5492
1961,Ash Wand,Kori Davila,2999,1,2023-11-20T07:38:46.000Z,https://universalis.app/market/1961
5471,Growth Formula Beta,Haruna Ichikawa,2500,1,2023-11-16T13:42:33.000Z,https://universalis.app/market/5471
1963,Budding Ash Wand,Yora Rofnhiru,15000,1,2023-12-10T23:30:27.000Z,https://universalis.app/market/1963
1965,Whispering Ash Wand,Delru Gerrik,2000,1,2023-11-27T01:26:21.000Z,https://universalis.app/market/1965
5493,Scalekin Blood,Finwick Shorttail,600,99,2023-11-15T02:32:10.000Z,https://universalis.app/market/5493
1967,Yew Wand,Trishana O'mogson,3030,1,2023-12-05T12:27:29.000Z,https://universalis.app/market/1967
1969,Budding Yew Wand,Karyn Ava,10000,1,2023-11-27T00:13:03.000Z,https://universalis.app/market/1969
1971,Budding Oak Wand,Only Cosm,29000,1,2023-12-01T20:36:38.000Z,https://universalis.app/market/1971
4603,Hi-Potion of Mind,Lydia Bailey,1000,3,2023-11-23T01:12:13.000Z,https://universalis.app/market/4603
1974,Wand of Frost,Aelin Moonshadow,20000,1,2023-11-18T22:50:36.000Z,https://universalis.app/market/1974
5199,Eye of Ice,Iman Dei'cree,100,7,2023-11-26T00:06:31.000Z,https://universalis.app/market/5199
5472,Growth Formula Gamma,Mykhala Whiteflame,5001,1,2023-11-16T20:01:16.000Z,https://universalis.app/market/5472
1976,Wand of Tremors,Olvir Amarya,35000,1,2023-11-28T01:43:03.000Z,https://universalis.app/market/1976
5201,Eye of Earth,Chris Sharkbait,100,1,2023-11-27T18:32:43.000Z,https://universalis.app/market/5201
1978,Wand of Tides,Ahsook Dailow,40000,1,2023-11-26T21:41:41.000Z,https://universalis.app/market/1978
5203,Eye of Water,Agent Undercover,92,2,2023-12-09T14:20:33.000Z,https://universalis.app/market/5203
5198,Eye of Fire,Nai Kiba,1000,2,2023-11-26T07:26:00.000Z,https://universalis.app/market/5198
1983,Wand of Gales,Divinix Windstar,5000,1,2023-11-15T23:07:29.000Z,https://universalis.app/market/1983
5200,Eye of Wind,Jill Rosfield,124,2,2023-11-15T22:08:23.000Z,https://universalis.app/market/5200
5202,Eye of Lightning,Petrichor Tia,2,2,2023-11-28T22:12:15.000Z,https://universalis.app/market/5202
1987,Budding Rosewood Wand,Veles Arca,59999,1,2023-11-17T00:17:04.000Z,https://universalis.app/market/1987
4608,Mega-Potion of Mind,Anna Katatonia,10000,1,2023-11-29T20:50:56.000Z,https://universalis.app/market/4608
5494,Spoken Blood,Ash Brogen,7000,1,2023-11-30T22:43:09.000Z,https://universalis.app/market/5494
1996,Maple Cane,Takemikazuchi Ak,8000,1,2023-11-19T18:24:14.000Z,https://universalis.app/market/1996
1997,Maple Crook,Aelia Krynn,5000,1,2023-11-30T18:22:53.000Z,https://universalis.app/market/1997
1998,Ash Radical,Nawdie D'fun,10000,1,2023-12-02T05:44:53.000Z,https://universalis.app/market/1998
2000,Elm Cane,Oblevee Kaisuri,5000,1,2023-11-21T00:10:49.000Z,https://universalis.app/market/2000
2002,Elm Crook,Rajah Gemini,99,1,2023-11-18T21:59:42.000Z,https://universalis.app/market/2002
2004,Yew Radical,Exeo Ryoth,3000,1,2023-12-02T00:36:25.000Z,https://universalis.app/market/2004
2010,Pastoral Yew Cane,Moxie Rehw-gilda,12000,1,2023-11-28T03:57:23.000Z,https://universalis.app/market/2010
2011,Yew Crook,Delru Gerrik,4000,1,2023-11-19T22:57:59.000Z,https://universalis.app/market/2011
2015,Walnut Cane,Veles Arca,29999,1,2023-11-19T01:45:03.000Z,https://universalis.app/market/2015
2021,Plumed Yew Crook,Lydia Bailey,7500,1,2023-11-23T01:10:22.000Z,https://universalis.app/market/2021
2023,Oak Radical,Aziel Yotsune,9000,1,2023-11-29T07:28:21.000Z,https://universalis.app/market/2023
2026,Pastoral Oak Cane,Pansy Tinyfoot,11067,1,2023-11-29T15:30:45.000Z,https://universalis.app/market/2026
2030,Sprouting Rosewood Radical,Beer Pup,44444,1,2023-12-09T07:01:22.000Z,https://universalis.app/market/2030
2039,Jade Crook,Ronni Ray,149999,1,2023-11-23T17:44:21.000Z,https://universalis.app/market/2039
2041,Vintage Cane,Eklypsilas Lunrir,12000,1,2023-11-23T15:00:00.000Z,https://universalis.app/market/2041
2044,Pastoral Mahogany Cane,Bleu Eunoia,4000,1,2023-12-07T15:45:40.000Z,https://universalis.app/market/2044
5335,Dew Thread,Pansy Tinyfoot,4000,1,2023-11-21T01:43:26.000Z,https://universalis.app/market/5335
2047,Tane Mahuta,Kokofi Kofi,40000,1,2023-11-23T07:37:15.000Z,https://universalis.app/market/2047
5555,Ochu Vine,Temporal Stasis,1560,1,2023-12-05T23:12:18.000Z,https://universalis.app/market/5555
2048,Giantsgall Cane,Koznhevikova Rhiikoro,1994,1,2023-11-22T07:28:56.000Z,https://universalis.app/market/2048
2049,Madman's Whispering Rod,Corvus Rex,88299,1,2023-12-02T16:20:33.000Z,https://universalis.app/market/2049
12,Lightning Crystal,Ruby Shoes,998,200,2023-12-04T16:01:38.000Z,https://universalis.app/market/12
13,Water Crystal,Esso Anso,175,55,2023-11-15T22:29:59.000Z,https://universalis.app/market/13
5473,Growth Formula Delta,Youspoony Bard,3748,2,2023-11-17T00:38:31.000Z,https://universalis.app/market/5473
5537,Thavnairian Mistletoe,Elsen Garvey,200,48,2023-11-19T13:36:15.000Z,https://universalis.app/market/5537
5547,Vampire Plant,Tsubame Yatsurugi,393,4,2023-11-15T06:27:23.000Z,https://universalis.app/market/5547
2051,Alkalurops,Integrrr Mewp,1490,1,2023-12-02T05:11:04.000Z,https://universalis.app/market/2051
5575,Suspended Trillium Flower,Cedrik Winterbane,2100,2,2023-12-01T05:01:02.000Z,https://universalis.app/market/5575
2056,Bone Brand,Drunken King,5000,1,2023-11-21T22:08:54.000Z,https://universalis.app/market/2056
5197,Marbled Eye,Jazmine Sweet,500,1,2023-11-15T02:43:32.000Z,https://universalis.app/market/5197
2057,Copper Scepter,Vasto Ishuma,5000,1,2023-11-27T06:55:02.000Z,https://universalis.app/market/2057
5062,Copper Ingot,Atsui Hono,150,1,2023-11-21T20:17:03.000Z,https://universalis.app/market/5062
2058,Bronze Scepter,Beer Pup,2500,1,2023-11-15T05:33:22.000Z,https://universalis.app/market/2058
2059,Brass Cudgel,Caleina Hidashi,1999,1,2023-11-15T01:06:45.000Z,https://universalis.app/market/2059
2061,Decorated Copper Scepter,Zelda Faye,10000,1,2023-12-02T05:58:55.000Z,https://universalis.app/market/2061
5258,Ragstone Whetstone,Delilah Doree,5000,1,2023-11-16T08:28:33.000Z,https://universalis.app/market/5258
2063,Wind Brand,Catnip Lacroix,20000,1,2023-11-20T03:33:51.000Z,https://universalis.app/market/2063
2066,Ice Brand,Ahsook Dailow,15000,1,2023-11-15T23:35:02.000Z,https://universalis.app/market/2066
2069,Silver Scepter,Zelda Faye,150,1,2023-12-05T06:41:40.000Z,https://universalis.app/market/2069
5527,Brimstone,Chris Sharkbait,565,1,2023-11-27T18:20:14.000Z,https://universalis.app/market/5527
2071,Earth Brand,Benge Calamity,30000,1,2023-11-15T05:20:48.000Z,https://universalis.app/market/2071
2078,Fire Brand,Revannah Rihl,29999,1,2023-11-20T21:35:25.000Z,https://universalis.app/market/2078
2083,Lightning Brand,Little Carefree,2000,1,2023-11-27T07:45:15.000Z,https://universalis.app/market/2083
5489,Quicksilver,Princess Princess,856,24,2023-11-21T05:15:57.000Z,https://universalis.app/market/5489
2068,Damaged Cudgel,Siren Ventura,5000,1,2023-12-07T22:35:57.000Z,https://universalis.app/market/2068
5092,Iron Rivets,Ahara Star,1999,99,2023-11-22T21:00:18.000Z,https://universalis.app/market/5092
2094,Water Brand,Michael Hatsune,20000,1,2023-12-11T00:44:41.000Z,https://universalis.app/market/2094
5168,Jade,Rishu Syer,1000,1,2023-12-08T03:37:06.000Z,https://universalis.app/market/5168
5439,Ogre Horn,Lavender Rose,400,13,2023-11-19T00:49:19.000Z,https://universalis.app/market/5439
2102,Sanguine Scepter,Hali Aloke,84893,1,2023-11-15T19:34:06.000Z,https://universalis.app/market/2102
5206,Pinprick Pebble,Ai Hinode,299,2,2023-11-15T23:06:07.000Z,https://universalis.app/market/5206
2106,Bone Staff,Keaton Hyaenidasch,20000,1,2023-12-07T19:35:32.000Z,https://universalis.app/market/2106
2107,Ramhorn Staff,Ume Oryian,4001,1,2023-11-21T16:48:37.000Z,https://universalis.app/market/2107
2108,Decorated Bone Staff,Grier Grien,2000,1,2023-11-26T04:02:09.000Z,https://universalis.app/market/2108
5442,Bat Fang,Luna Delraj,3500000,1,2023-11-20T03:41:31.000Z,https://universalis.app/market/5442
2109,Toothed Ramhorn Staff,Khaja Mol,999,1,2023-12-05T23:11:15.000Z,https://universalis.app/market/2109
2111,Staghorn Staff,Aether Reticent,20000,1,2023-11-23T16:47:32.000Z,https://universalis.app/market/2111
2118,Toothed Staghorn Staff,Dommy-mommy Gator,8000,1,2023-12-01T05:12:39.000Z,https://universalis.app/market/2118
2121,Goathorn Staff,Xu'ra Viyashe,4000,1,2023-12-05T22:26:02.000Z,https://universalis.app/market/2121
2123,Toothed Goathorn Staff,Emi-yoko Naokifyte,30000,1,2023-11-18T03:15:10.000Z,https://universalis.app/market/2123
2125,Horn Staff,Bocchizilla Kadar,39999,1,2023-11-18T01:48:35.000Z,https://universalis.app/market/2125
2130,Black Horn Staff,Agent Undercover,8500,1,2023-11-23T20:14:36.000Z,https://universalis.app/market/2130
2133,Ivory Staff,Kohaku Kurohana,45000,1,2023-12-10T22:34:54.000Z,https://universalis.app/market/2133
2136,Giantsgall Longstaff,Eliza Hurst,1750,1,2023-11-20T03:07:02.000Z,https://universalis.app/market/2136
2139,Astrolabe,Dawn Millz,6880,1,2023-12-06T03:42:19.000Z,https://universalis.app/market/2139
5576,Astrolabe Clinometer,Cedrik Winterbane,2099,1,2023-11-25T03:43:06.000Z,https://universalis.app/market/5576
2143,Leather Grimoire,Nel Nightmoon,10000,1,2023-11-27T01:19:59.000Z,https://universalis.app/market/2143
5380,Maple Log,Annette Hitachine,450,30,2023-12-08T01:03:42.000Z,https://universalis.app/market/5380
5475,Enchanted Copper Ink,Shinobi Dm,1,2,2023-11-23T23:33:10.000Z,https://universalis.app/market/5475
2144,Maple Picatrix,Everly Aurora,2500,1,2023-11-17T04:09:29.000Z,https://universalis.app/market/2144
2145,Engraved Leather Grimoire,Icarus Sundragon,9499,1,2023-11-29T00:33:50.000Z,https://universalis.app/market/2145
5383,Ash Log,Nyohri Viyashe,775,15,2023-11-24T22:47:05.000Z,https://universalis.app/market/5383
2146,Ash Picatrix,Moon'n Star,8000,1,2023-11-22T08:45:31.000Z,https://universalis.app/market/2146
2147,Hard Leather Grimoire,Estinien Dragonfire,9000,1,2023-12-03T21:42:05.000Z,https://universalis.app/market/2147
5385,Elm Log,Ayame Gakuto,333,1,2023-11-24T20:41:01.000Z,https://universalis.app/market/5385
5476,Enchanted Iron Ink,Bexalia Asteria,150,1,2023-12-11T02:02:00.000Z,https://universalis.app/market/5476
2149,Engraved Hard Leather Grimoire,Zenga Kukatsu,40000,1,2023-12-11T15:57:03.000Z,https://universalis.app/market/2149
5386,Yew Log,Takeke Take,500,40,2023-11-27T03:27:28.000Z,https://universalis.app/market/5386
2151,Yew Picatrix,Ouka Ootori,5000,1,2023-11-15T05:24:15.000Z,https://universalis.app/market/2151
2156,Goatskin Grimoire,Beluna Iryut,12000,1,2023-11-23T18:12:44.000Z,https://universalis.app/market/2156
5477,Enchanted Silver Ink,Nagha Ganajai,2000,1,2023-11-17T18:38:57.000Z,https://universalis.app/market/5477
2160,Engraved Goatskin Grimoire,Fluff Guck,5000,1,2023-11-16T22:31:47.000Z,https://universalis.app/market/2160
5388,Walnut Log,Jahanna Longshanks,329,99,2023-12-08T23:21:02.000Z,https://universalis.app/market/5388
2166,Book of Silver,Chiull Malqir,12990,1,2023-11-21T08:30:41.000Z,https://universalis.app/market/2166
5390,Oak Log,Synest Averix,489,99,2023-12-07T10:41:54.000Z,https://universalis.app/market/5390
2169,Embossed Book of Silver,Anna Elpida,20000,1,2023-11-15T15:31:58.000Z,https://universalis.app/market/2169
2174,Book of Mythril,Keola Niyati,25000,1,2023-11-22T05:22:26.000Z,https://universalis.app/market/2174
5346,Flax,Saphiras Aurora,500,20,2023-11-26T16:20:18.000Z,https://universalis.app/market/5346
5478,Enchanted Mythril Ink,Chris Sharkbait,440,1,2023-11-18T03:48:11.000Z,https://universalis.app/market/5478
2184,Vintage Picatrix,Shinobi Dm,34000,1,2023-11-23T23:50:10.000Z,https://universalis.app/market/2184
2158,Brittle Picatrix,Hawu'li Djt-nong,5000,1,2023-11-18T22:05:40.000Z,https://universalis.app/market/2158
2185,Book of Electrum,Steelina Earthtreader,24399,1,2023-11-23T20:56:27.000Z,https://universalis.app/market/2185
5337,Woolen Yarn,Soren Valkyr,2000,1,2023-11-16T01:57:23.000Z,https://universalis.app/market/5337
5393,Rosewood Log,Sunrise Lockhart,700,20,2023-11-17T07:32:28.000Z,https://universalis.app/market/5393
5479,Enchanted Electrum Ink,Rinzler Tudusaku,2000,1,2023-12-11T16:32:47.000Z,https://universalis.app/market/5479
2189,Embossed Book of Electrum,Chickenn Gravy,50000,1,2023-11-27T03:20:32.000Z,https://universalis.app/market/2189
2193,Cantamina Thavnaria,Bhadd Yee,998,1,2023-11-15T11:00:18.000Z,https://universalis.app/market/2193
5481,Enchanted Rose Gold Ink,Adamant Midnight,8000,1,2023-11-19T16:33:11.000Z,https://universalis.app/market/5481
2194,Medica Thavnaria,Kaia Lionheart,1300,1,2023-11-24T05:03:46.000Z,https://universalis.app/market/2194
2201,Erudite's Picatrix of Healing,Annabelle Asmara,96999,1,2023-11-19T08:16:31.000Z,https://universalis.app/market/2201
5480,Enchanted Gold Ink,Aby Fuzzybeard,2299,2,2023-11-15T22:04:18.000Z,https://universalis.app/market/5480
5569,Bloody Grimoire Binding,Rewriter Sylveon,2500,1,2023-12-04T12:23:15.000Z,https://universalis.app/market/5569
2202,Erudite's Picatrix of Casting,Roj Gardoth,86700,1,2023-12-02T07:35:27.000Z,https://universalis.app/market/2202
2211,Deus Ex Verbis,Vicia Faba,899,1,2023-11-27T06:02:58.000Z,https://universalis.app/market/2211
5338,Silk Thread,Meicyan Rei,2500,1,2023-11-30T02:06:19.000Z,https://universalis.app/market/5338
2212,Deus Ex Gratia,Gaius Lionheart,1690,1,2023-11-26T22:47:13.000Z,https://universalis.app/market/2212
2219,Square Maple Shield,Bubbles Nightshade,850,1,2023-12-03T22:03:23.000Z,https://universalis.app/market/2219
5091,Bronze Rivets,Bahazen Myirka,500,27,2023-11-28T01:47:41.000Z,https://universalis.app/market/5091
12524,Titanium Nugget,Aizileona Gethmara,14999,2,2023-11-26T05:08:45.000Z,https://universalis.app/market/12524
12529,Titanium Rivets,Azazel Ischus,10000,3,2023-11-16T03:01:48.000Z,https://universalis.app/market/12529
12658,Dusk Leather,Cirina Star,389800,1,2023-11-25T05:01:03.000Z,https://universalis.app/market/12658
2226,Bronze Hoplon,Yura Lie,20000,1,2023-11-20T04:47:17.000Z,https://universalis.app/market/2226
5071,Bronze Plate,Tempest Celest,1000,2,2023-11-15T03:00:21.000Z,https://universalis.app/market/5071
2228,Round Shield,Shinobi Kaiyo,15000000,1,2023-11-30T01:52:21.000Z,https://universalis.app/market/2228
2230,Bronze Scutum,Catelyn Purrington,7104,1,2023-11-25T05:46:14.000Z,https://universalis.app/market/2230
2231,Bronze Buckler,Valeria Fableforge,4900,1,2023-11-20T09:49:40.000Z,https://universalis.app/market/2231
2233,Square Ash Shield,Stalwart Siren,1200,1,2023-11-24T08:36:49.000Z,https://universalis.app/market/2233
2236,Iron Hoplon,Prissy Bunbun,31106,1,2023-11-16T20:02:05.000Z,https://universalis.app/market/2236
2238,Vintage Square Shield,Nasir Thesys,5000,1,2023-11-27T20:03:10.000Z,https://universalis.app/market/2238
2224,Worm-eaten Square Shield,Bellexis Ter'vash,15000,1,2023-12-07T00:29:46.000Z,https://universalis.app/market/2224
4859,Cider Vinegar,Thaumiel Immanifest,90,2,2023-12-10T04:21:57.000Z,https://universalis.app/market/4859
2239,Ironclad Bronze Buckler,Cadhla Ramsay,800,1,2023-11-25T15:52:10.000Z,https://universalis.app/market/2239
2241,Iron Lantern Shield,Sophie Stardust,15000000,1,2023-12-06T16:30:35.000Z,https://universalis.app/market/2241
5998,Tallow Candle,Yum Cookies,1400,11,2023-12-09T02:23:04.000Z,https://universalis.app/market/5998
2242,Iron Scutum,Cibi Rizibi,5500,1,2023-11-28T03:43:07.000Z,https://universalis.app/market/2242
2246,Viper-crested Round Shield,Estelle Bright,3000,1,2023-11-19T14:07:10.000Z,https://universalis.app/market/2246
2248,Iron Kite Shield,Mikha Magala,10000,1,2023-11-15T22:03:22.000Z,https://universalis.app/market/2248
2250,Goatskin Targe,Gold Saw,3000,1,2023-11-30T02:53:54.000Z,https://universalis.app/market/2250
5093,Steel Rivets,Sunrise Lockhart,2999,99,2023-11-19T01:41:43.000Z,https://universalis.app/market/5093
2257,Bull Hoplon,Aries Kahlok,15000,1,2023-11-20T06:40:58.000Z,https://universalis.app/market/2257
2260,Decorated Buckler,Seren Bancroft,15000,1,2023-11-25T14:34:24.000Z,https://universalis.app/market/2260
2262,Decorated Iron Scutum,Valek Thunderfist,12999,1,2023-11-21T14:22:57.000Z,https://universalis.app/market/2262
2264,Vintage Buckler,Zaya Haragin,9000,1,2023-11-30T04:16:20.000Z,https://universalis.app/market/2264
2268,Bladed Lantern Shield,Gc Gold,40000,1,2023-11-22T13:08:01.000Z,https://universalis.app/market/2268
2270,Raptorskin Targe,Agent Undercover,39999,1,2023-11-18T00:47:39.000Z,https://universalis.app/market/2270
5099,Mythril Rivets,Bing Xiang,5000,5,2023-12-03T20:08:45.000Z,https://universalis.app/market/5099
2278,Vintage Scutum,Re'gor Tegne,20000,1,2023-11-26T11:21:33.000Z,https://universalis.app/market/2278
5094,Cobalt Rivets,Cielle Carrilaut,5979,7,2023-11-25T21:52:56.000Z,https://universalis.app/market/5094
2287,Eagle-crested Round Shield,Emirai Kurotsuki,7500,1,2023-11-30T10:36:19.000Z,https://universalis.app/market/2287
2289,Vintage Round Shield,Tethys Dione,5000,1,2023-11-30T11:22:02.000Z,https://universalis.app/market/2289
5228,Ragstone,Astralunia Sthoray,100,3,2023-11-17T08:30:15.000Z,https://universalis.app/market/5228
5517,Lanolin,Ahka'zi Jin,599,99,2023-11-19T04:46:25.000Z,https://universalis.app/market/5517
2294,Kite Shield,La Latino,8000,1,2023-11-27T19:22:22.000Z,https://universalis.app/market/2294
2296,Cobalt Bladed Lantern Shield,Auvo Te'rah,7500,1,2023-11-22T12:38:43.000Z,https://universalis.app/market/2296
2298,Oxblood Targe,Zoey Knight,37000,1,2023-12-03T00:59:11.000Z,https://universalis.app/market/2298
2300,Vintage Kite Shield,Ryuhiko Heavenscribe,20000,1,2023-11-19T15:48:04.000Z,https://universalis.app/market/2300
2302,Darksteel Scutum,Athena Evenstar,1845,1,2023-12-04T01:23:49.000Z,https://universalis.app/market/2302
5060,Darksteel Ingot,Lenus Kisaragi,9000,1,2023-11-24T05:00:53.000Z,https://universalis.app/market/5060
5095,Darksteel Rivets,Edward Ashford,6000,12,2023-11-30T00:22:12.000Z,https://universalis.app/market/5095
2303,Darksteel Buckler,Vesta Armitox,1999,1,2023-11-22T16:20:09.000Z,https://universalis.app/market/2303
2304,Spruce Round Shield,Xander Sol,1299,1,2023-12-01T10:44:54.000Z,https://universalis.app/market/2304
5379,Treated Spruce Lumber,Krusos Aureus,25888,3,2023-12-06T22:31:30.000Z,https://universalis.app/market/5379
2315,Bronze Saw,Luna Valkyrie,5000,1,2023-11-19T02:31:58.000Z,https://universalis.app/market/2315
2317,Chocobotail Saw,Soul Borger,500,1,2023-11-26T16:29:35.000Z,https://universalis.app/market/2317
2318,Initiate's Saw,Kimbu Ki,7000,1,2023-11-18T07:35:35.000Z,https://universalis.app/market/2318
2320,Iron Chocobotail Saw,Michael Hatsune,1900,1,2023-12-07T03:39:50.000Z,https://universalis.app/market/2320
2321,Bas-relief Steel Saw,Air Eeo,7999,1,2023-11-19T05:59:54.000Z,https://universalis.app/market/2321
2322,Crosscut Saw,Gator Nim,5500,1,2023-11-19T19:38:07.000Z,https://universalis.app/market/2322
2323,Mythril Saw,Mina Kaatapoh,35000,1,2023-11-26T03:30:55.000Z,https://universalis.app/market/2323
2324,Mythril Chocobotail Saw,Divinix Windstar,11000,1,2023-11-16T04:03:38.000Z,https://universalis.app/market/2324
2325,Bas-relief Cobalt Saw,Divinix Windstar,125000,1,2023-11-17T05:06:58.000Z,https://universalis.app/market/2325
2328,Amateur's Claw Hammer,Ripley Love,2500,1,2023-11-26T18:00:14.000Z,https://universalis.app/market/2328
2329,Bronze Claw Hammer,Miss Cruvty,1950,1,2023-11-23T00:01:40.000Z,https://universalis.app/market/2329
2331,Iron Claw Hammer,Neyven Draung,6789,1,2023-11-18T03:31:33.000Z,https://universalis.app/market/2331
5483,Jellyfish Humours,Sebastian Lightfoot,800,11,2023-11-20T08:40:59.000Z,https://universalis.app/market/5483
2332,Initiate's Claw Hammer,Bror E'alis,800,1,2023-11-24T18:22:23.000Z,https://universalis.app/market/2332
2334,Steel Claw Hammer,Amber Satinlace,25000,1,2023-11-20T02:04:41.000Z,https://universalis.app/market/2334
2335,Wrapped Steel Claw Hammer,Cibi Rizibi,20000,1,2023-12-05T01:00:00.000Z,https://universalis.app/market/2335
5485,Linseed Oil,Finwick Shorttail,3500,1,2023-11-19T20:56:57.000Z,https://universalis.app/market/5485
2337,Mythril Claw Hammer,Gator Nim,40000,1,2023-11-23T03:26:54.000Z,https://universalis.app/market/2337
2338,Cobalt Claw Hammer,Finwick Shorttail,30000,1,2023-11-15T01:09:51.000Z,https://universalis.app/market/2338
2339,Militia Claw Hammer,Michael Hatsune,17000,1,2023-11-29T13:51:18.000Z,https://universalis.app/market/2339
2341,Bronze Cross-pein Hammer,Seren Bancroft,2574,1,2023-11-25T20:22:18.000Z,https://universalis.app/market/2341
2342,Amateur's Cross-pein Hammer,Gator Nim,5000,1,2023-11-17T06:28:40.000Z,https://universalis.app/market/2342
2343,Birdsbeak Hammer,Everly Aurora,10000,1,2023-11-17T04:12:06.000Z,https://universalis.app/market/2343
5325,Undyed Cotton Cloth,Kormak Blacke,1000,3,2023-12-05T19:17:44.000Z,https://universalis.app/market/5325
2344,Iron Cross-pein Hammer,Mykhala Whiteflame,5000,1,2023-11-15T21:28:15.000Z,https://universalis.app/market/2344
2346,Crowsbeak Hammer,Michael Hatsune,4000,1,2023-12-06T02:34:53.000Z,https://universalis.app/market/2346
2347,Heavy Crowsbeak Hammer,Sylvia Cooper,500,1,2023-11-16T08:01:48.000Z,https://universalis.app/market/2347
5326,Undyed Velveteen,Cezi Lotye,4999,99,2023-11-15T02:11:19.000Z,https://universalis.app/market/5326
2349,Steel Crowsbeak Hammer,Oberyn Highwind,30000,1,2023-11-21T00:39:25.000Z,https://universalis.app/market/2349
2350,Wrapped Crowsbeak Hammer,Lillian Isley,39999,1,2023-11-20T22:02:56.000Z,https://universalis.app/market/2350
2351,Cobalt Cross-pein Hammer,Swift Blackheart,4499,1,2023-11-26T01:44:39.000Z,https://universalis.app/market/2351
2355,Amateur's File,Icarus Sundragon,2004,1,2023-11-16T04:03:53.000Z,https://universalis.app/market/2355
2356,Bronze File,Gator Nim,600,1,2023-11-17T06:28:08.000Z,https://universalis.app/market/2356
2358,Iron File,Lobster Salad,10000,1,2023-11-18T05:28:53.000Z,https://universalis.app/market/2358
2359,Initiate's File,Nezuko Urokodaki,15000,1,2023-11-18T03:35:14.000Z,https://universalis.app/market/2359
2361,Steel File,Lilymarie Bean,50000,1,2023-11-16T08:58:01.000Z,https://universalis.app/market/2361
2364,Cobalt File,Viru Endsinger,30000,1,2023-11-16T00:20:56.000Z,https://universalis.app/market/2364
2365,Militia File,Amber Satinlace,75000,1,2023-11-20T18:46:17.000Z,https://universalis.app/market/2365
2367,Bronze Doming Hammer,Luna Valkyrie,495,1,2023-11-19T02:31:38.000Z,https://universalis.app/market/2367
2368,Amateur's Doming Hammer,Sunshine Parfait,300,1,2023-11-15T06:40:12.000Z,https://universalis.app/market/2368
2369,Bronze Raising Hammer,Monka Finna'gonna,1500,1,2023-12-07T20:53:15.000Z,https://universalis.app/market/2369
2371,Initiate's Doming Hammer,Sylvia Cooper,10000,1,2023-11-16T08:01:13.000Z,https://universalis.app/market/2371
2373,Wrapped Iron Raising Hammer,Mykhala Whiteflame,5999,1,2023-11-16T14:09:56.000Z,https://universalis.app/market/2373
2374,Steel Doming Hammer,Tiugh Athair,9999,1,2023-11-19T06:38:28.000Z,https://universalis.app/market/2374
2376,Cobalt Doming Hammer,Lilymarie Bean,2000,1,2023-11-24T05:53:51.000Z,https://universalis.app/market/2376
2377,Cobalt Raising Hammer,Gc Gold,125000,1,2023-11-24T21:37:01.000Z,https://universalis.app/market/2377
2380,Amateur's Pliers,Icarus Sundragon,2500,1,2023-11-18T21:08:32.000Z,https://universalis.app/market/2380
2383,Iron Pliers,Kitteh Darwin,15000,1,2023-11-18T09:16:41.000Z,https://universalis.app/market/2383
2384,Initiate's Pliers,Mykhala Whiteflame,15000,1,2023-11-16T14:10:06.000Z,https://universalis.app/market/2384
2386,Steel Pliers,Druza Einaris,25000,1,2023-11-22T22:48:23.000Z,https://universalis.app/market/2386
2388,Mythril Pliers,Mide Mizuki,50000,1,2023-11-23T22:07:10.000Z,https://universalis.app/market/2388
2389,Cobalt Pliers,Gojo Zavarion,25000,1,2023-11-24T20:42:55.000Z,https://universalis.app/market/2389
2390,Militia Pliers,Divinix Windstar,43400,1,2023-11-16T05:28:11.000Z,https://universalis.app/market/2390
2392,Bronze Chaser Hammer,Slayter Goredrinker,1000,1,2023-11-17T12:46:55.000Z,https://universalis.app/market/2392
2394,Bronze Ornamental Hammer,Sunshine Parfait,999,1,2023-11-16T20:59:39.000Z,https://universalis.app/market/2394
2395,Iron Chaser Hammer,Gilerandil Frostbane,17000,1,2023-11-21T05:39:56.000Z,https://universalis.app/market/2395
2396,Initiate's Chaser Hammer,Mide Mizuki,10500,1,2023-11-24T06:27:13.000Z,https://universalis.app/market/2396
2397,Iron Ornamental Hammer,Caleina Hidashi,18000,1,2023-12-04T00:58:43.000Z,https://universalis.app/market/2397
2398,Steel Chaser Hammer,Nell Higgins,800,1,2023-12-03T13:13:33.000Z,https://universalis.app/market/2398
2399,Steel Ornamental Hammer,Sorrelia Blanchet,4999,1,2023-11-28T01:05:41.000Z,https://universalis.app/market/2399
2400,Mythril Ornamental Hammer,Luz Blight,50000,1,2023-11-26T20:36:29.000Z,https://universalis.app/market/2400
2401,Mythril Lapidary Hammer,Viru Endsinger,10000,1,2023-11-17T03:12:58.000Z,https://universalis.app/market/2401
2402,Electrum Lapidary Hammer,Divinix Windstar,124999,1,2023-11-16T05:14:36.000Z,https://universalis.app/market/2402
5183,Tourmaline,Alkali Krylios,620,4,2023-11-27T12:10:38.000Z,https://universalis.app/market/5183
2406,Ragstone Grinding Wheel,Bocchizilla Kadar,3000,1,2023-11-18T00:46:52.000Z,https://universalis.app/market/2406
2408,Mudstone Grinding Wheel,Mide Mizuki,30000,1,2023-11-24T06:27:22.000Z,https://universalis.app/market/2408
5229,Mudstone,Haru Desu,150,99,2023-11-16T08:56:38.000Z,https://universalis.app/market/5229
2409,Initiate's Grinding Wheel,Bel Phine,1999,1,2023-11-22T00:58:48.000Z,https://universalis.app/market/2409
2411,Siltstone Grinding Wheel,Kohko Kahkol,10000,1,2023-11-16T16:59:37.000Z,https://universalis.app/market/2411
5231,Siltstone,Nico Dataq,495,17,2023-11-25T18:45:58.000Z,https://universalis.app/market/5231
2413,Garnet Grinding Wheel,Silon Shadow,27500,1,2023-11-20T20:28:32.000Z,https://universalis.app/market/2413
5134,Raw Garnet,Ramza Ventura,125,16,2023-12-02T12:12:28.000Z,https://universalis.app/market/5134
2414,Basilisk Grinding Wheel,Coleman Qedashin,30000,1,2023-11-17T01:17:15.000Z,https://universalis.app/market/2414
5263,Basilisk Egg,Sly Scarlet,500,1,2023-12-08T09:33:12.000Z,https://universalis.app/market/5263
2415,Militia Grinding Wheel,Eiro K'allio,85000,1,2023-11-28T03:06:03.000Z,https://universalis.app/market/2415
5158,Astral Rock,Eiro K'allio,195,80,2023-11-28T03:05:13.000Z,https://universalis.app/market/5158
2417,Bronze Head Knife,Matrim Finn,85,1,2023-11-17T15:59:42.000Z,https://universalis.app/market/2417
2419,Brass Head Knife,Icarus Sundragon,7999,1,2023-11-29T00:35:02.000Z,https://universalis.app/market/2419
2420,Initiate's Head Knife,Indarkness Falls,7000,1,2023-11-17T18:10:38.000Z,https://universalis.app/market/2420
2421,Iron Round Knife,Lilymarie Bean,10000,1,2023-11-18T23:45:08.000Z,https://universalis.app/market/2421
2422,Iron Head Knife,Darth Adriano,4400,1,2023-11-15T23:47:52.000Z,https://universalis.app/market/2422
2424,Steel Round Knife,Matsu Merry,5550,1,2023-11-26T20:05:58.000Z,https://universalis.app/market/2424
2425,Mythril Head Knife,Kiriko Shinsetsu,17900,1,2023-11-30T08:15:34.000Z,https://universalis.app/market/2425
2426,Mythril Round Knife,Zenga Kukatsu,26000,1,2023-12-04T19:16:55.000Z,https://universalis.app/market/2426
2427,Electrum Head Knife,Baby Goat,120000,1,2023-11-16T18:55:46.000Z,https://universalis.app/market/2427
2430,Amateur's Awl,Ripley Love,2500,1,2023-11-26T18:13:31.000Z,https://universalis.app/market/2430
2433,Iron Awl,Indarkness Falls,5000,1,2023-11-17T18:09:13.000Z,https://universalis.app/market/2433
2434,Initiate's Awl,Riu Himuro,10000,1,2023-11-29T19:40:23.000Z,https://universalis.app/market/2434
2437,Wrapped Steel Awl,Potato Plato,41000,1,2023-12-01T23:57:26.000Z,https://universalis.app/market/2437
2439,Mythril Awl,Zoey Knight,25000,1,2023-11-16T11:35:35.000Z,https://universalis.app/market/2439
2440,Cobalt Awl,Viru Endsinger,30000,1,2023-11-18T01:23:28.000Z,https://universalis.app/market/2440
2441,Militia Awl,Y'rell Kyarrin,50000,1,2023-11-18T02:46:18.000Z,https://universalis.app/market/2441
2443,Copper Needle,Dezkiimro Avagnar,4600,1,2023-11-28T07:17:18.000Z,https://universalis.app/market/2443
2444,Bat Fang Needle,Beer Pup,500,1,2023-11-18T21:55:04.000Z,https://universalis.app/market/2444
2445,Amateur's Needle,Buttered Pancakes,10000,1,2023-11-24T18:51:31.000Z,https://universalis.app/market/2445
2446,Brass Needle,Love'n Potato,750,1,2023-11-30T01:38:23.000Z,https://universalis.app/market/2446
2447,Initiate's Needle,Tross Roaricsted,5000,1,2023-12-05T22:01:22.000Z,https://universalis.app/market/2447
2448,Silver Needle,Bunini Buni,8000,1,2023-11-26T02:34:17.000Z,https://universalis.app/market/2448
2449,Worm Fang Needle,Aisuru Tenshi,3000,1,2023-11-20T01:41:16.000Z,https://universalis.app/market/2449
5447,Sandworm Fang,Aeya Fukiku,350,8,2023-11-20T02:07:08.000Z,https://universalis.app/market/5447
2450,Mythril Needle,Sorrelia Blanchet,28000,1,2023-11-28T01:09:54.000Z,https://universalis.app/market/2450
2451,Wolf Fang Needle,David Henry,16981,1,2023-11-25T16:19:07.000Z,https://universalis.app/market/2451
2452,Thousand Needle,Aeya Fukiku,14980,1,2023-11-30T04:57:42.000Z,https://universalis.app/market/2452
5468,Cactuar Needle,Omejikat Comet,800,4,2023-11-19T02:18:29.000Z,https://universalis.app/market/5468
2453,Electrum Needle,Aria Kagehoshi,30000,1,2023-11-28T01:19:43.000Z,https://universalis.app/market/2453
2456,Amateur's Spinning Wheel,Caleina Hidashi,4000,1,2023-11-16T20:18:04.000Z,https://universalis.app/market/2456
2457,Ash Spinning Wheel,Karyn Ava,989,1,2023-11-16T02:07:28.000Z,https://universalis.app/market/2457
2459,Initiate's Spinning Wheel,Delru Gerrik,2500,1,2023-11-16T20:23:47.000Z,https://universalis.app/market/2459
2460,Elm Spinning Wheel,Kitt Moana,999,1,2023-12-09T00:52:41.000Z,https://universalis.app/market/2460
2462,Walnut Spinning Wheel,Mide Mizuki,20000,1,2023-11-24T08:01:18.000Z,https://universalis.app/market/2462
2464,Mahogany Spinning Wheel,Onion Bubs,29500,1,2023-12-09T20:10:26.000Z,https://universalis.app/market/2464
2465,Rosewood Spinning Wheel,Lilymarie Bean,29998,1,2023-11-16T22:39:47.000Z,https://universalis.app/market/2465
2466,Militia Spinning Wheel,Hras Hoodwinery,40000,1,2023-11-28T07:29:12.000Z,https://universalis.app/market/2466
2468,Bronze Alembic,Jen Booty,125000,1,2023-11-26T21:36:31.000Z,https://universalis.app/market/2468
2469,Amateur's Alembic,Ry'neuth Keki,5008,1,2023-11-29T05:58:09.000Z,https://universalis.app/market/2469
2470,Brass Alembic,Mitsuhide Akechi,50,1,2023-12-04T17:26:51.000Z,https://universalis.app/market/2470
2471,Initiate's Alembic,Sev Slatin,4000,1,2023-11-27T04:53:35.000Z,https://universalis.app/market/2471
2472,Iron Alembic,Bunana Bread,5000,1,2023-12-08T18:55:20.000Z,https://universalis.app/market/2472
2473,Conical Alembic,Dommy-mommy Gator,22500,1,2023-12-10T00:54:17.000Z,https://universalis.app/market/2473
2474,Steel Alembic,Mikha Magala,20000,1,2023-11-17T00:43:08.000Z,https://universalis.app/market/2474
2475,Silver Alembic,Mykhala Whiteflame,10000,1,2023-11-16T14:10:21.000Z,https://universalis.app/market/2475
2476,Mythril Alembic,Weed Seagull,35000,1,2023-11-15T10:15:42.000Z,https://universalis.app/market/2476
2477,Electrum Alembic,Sorsha Bavmorda,21999,1,2023-11-15T05:43:13.000Z,https://universalis.app/market/2477
2478,Thermal Alembic,Matsu Merry,34850,1,2023-11-26T20:06:23.000Z,https://universalis.app/market/2478
2481,Amateur's Mortar,Astray Eclipse,2500,1,2023-11-25T15:50:36.000Z,https://universalis.app/market/2481
2484,Iron Mortar,Jaz Beaumont,4000,1,2023-12-01T07:47:10.000Z,https://universalis.app/market/2484
2485,Initiate's Mortar,Mykhala Whiteflame,10000,1,2023-11-16T14:10:40.000Z,https://universalis.app/market/2485
2488,Heavy Steel Mortar,Saheeli Rai,12000,1,2023-12-11T19:50:37.000Z,https://universalis.app/market/2488
2490,Mythril Mortar,Viru Endsinger,25000,1,2023-11-18T02:26:34.000Z,https://universalis.app/market/2490
2491,Cobalt Mortar,Apollo Luna,65000,1,2023-11-15T01:19:50.000Z,https://universalis.app/market/2491
2492,Militia Mortar,Judge Zecht,38999,1,2023-11-23T12:25:19.000Z,https://universalis.app/market/2492
2494,Bronze Skillet,Matrim Finn,2000,1,2023-11-17T15:59:59.000Z,https://universalis.app/market/2494
2495,Amateur's Skillet,Scarleth Reinhardt,599,1,2023-12-05T23:34:53.000Z,https://universalis.app/market/2495
2496,Iron Skillet,Bel Phine,2000,1,2023-11-17T21:35:52.000Z,https://universalis.app/market/2496
2497,Initiate's Skillet,Xeos Xeor,4000,1,2023-11-29T04:56:05.000Z,https://universalis.app/market/2497
2498,Iron Frypan,Bjel Wolt,25000,1,2023-11-20T14:09:01.000Z,https://universalis.app/market/2498
2499,Bomb Frypan,Seren Bancroft,9999,1,2023-11-20T02:00:58.000Z,https://universalis.app/market/2499
5528,Bomb Ash,Katarina Powers,500,2,2023-11-25T16:20:06.000Z,https://universalis.app/market/5528
2500,Steel Skillet,Dawn Millz,999,1,2023-11-23T03:17:50.000Z,https://universalis.app/market/2500
2501,White Skillet,Mikha Magala,13000,1,2023-11-21T21:11:19.000Z,https://universalis.app/market/2501
2502,Steel Frypan,Ishtar Anastasia,39999,1,2023-11-28T03:40:22.000Z,https://universalis.app/market/2502
2503,Cobalt Skillet,Aro Godo,8000,1,2023-11-24T13:34:56.000Z,https://universalis.app/market/2503
2507,Amateur's Culinary Knife,Astrea Ghost,500,1,2023-11-26T17:42:26.000Z,https://universalis.app/market/2507
2510,Iron Culinary Knife,Tigglebitty Toadgasm,10000,1,2023-11-25T00:52:48.000Z,https://universalis.app/market/2510
2511,Initiate's Culinary Knife,Sorsha Tears,15000,1,2023-11-24T20:39:05.000Z,https://universalis.app/market/2511
2516,Mythril Culinary Knife,Lilymarie Bean,20000,1,2023-11-18T00:44:37.000Z,https://universalis.app/market/2516
2517,Cobalt Culinary Knife,Viru Endsinger,12000,1,2023-11-19T01:05:04.000Z,https://universalis.app/market/2517
2520,Bronze Pickaxe,Premium Heart,5000,1,2023-11-23T01:58:52.000Z,https://universalis.app/market/2520
2521,Amateur's Pickaxe,Aurane Waters,10000,1,2023-11-16T09:37:00.000Z,https://universalis.app/market/2521
2522,Plumed Bronze Pickaxe,Whiter Knight,2500,1,2023-11-26T23:25:58.000Z,https://universalis.app/market/2522
2523,Iron Pickaxe,Reinhardt Heavencrest,12000,1,2023-11-24T21:23:15.000Z,https://universalis.app/market/2523
2524,Initiate's Pickaxe,Haddred Romero,7999,1,2023-12-02T16:07:02.000Z,https://universalis.app/market/2524
2525,Iron Dolabra,Reinhardt Heavencrest,15000,1,2023-11-28T00:09:36.000Z,https://universalis.app/market/2525
2526,Steel Pickaxe,Reinhardt Heavencrest,4999,1,2023-11-29T00:08:47.000Z,https://universalis.app/market/2526
2527,Steel Dolabra,Nyanta Jurai,20000,1,2023-11-22T21:01:44.000Z,https://universalis.app/market/2527
2528,Plumed Mythril Pickaxe,Valek Gado,26999,1,2023-11-29T17:22:06.000Z,https://universalis.app/market/2528
5327,Undyed Linen,Ulysses Rigel,1900,6,2023-11-25T16:37:12.000Z,https://universalis.app/market/5327
2529,Cobalt Dolabra,Divinix Windstar,75000,1,2023-11-15T23:06:45.000Z,https://universalis.app/market/2529
2530,Egret Dolabra,Aemlus Karlc,119999,1,2023-12-02T23:59:34.000Z,https://universalis.app/market/2530
2534,Bronze Sledgehammer,Victoria Rose,7000,1,2023-12-11T02:34:54.000Z,https://universalis.app/market/2534
2536,Initiate's Sledgehammer,Reinhardt Heavencrest,35000,1,2023-11-24T21:23:23.000Z,https://universalis.app/market/2536
2537,Iron Sledgehammer,Sigmund Reed,10500,1,2023-11-23T16:20:17.000Z,https://universalis.app/market/2537
2539,Steel Sledgehammer,Illustrious Clyne,75000,1,2023-11-26T14:36:07.000Z,https://universalis.app/market/2539
2542,Mythril Sledgehammer,Lachlan Valentino,43999,1,2023-12-01T18:56:22.000Z,https://universalis.app/market/2542
2544,Militia Sledgehammer,Ronni Ray,49990,1,2023-11-24T21:00:29.000Z,https://universalis.app/market/2544
2546,Bronze Hatchet,Petra Sagolaris,15000,1,2023-11-15T06:30:35.000Z,https://universalis.app/market/2546
2547,Amateur's Hatchet,Takemikazuchi Ak,4900,1,2023-11-22T11:39:47.000Z,https://universalis.app/market/2547
2548,Iron Hatchet,Cynenway Kazami,3499,1,2023-12-06T01:03:56.000Z,https://universalis.app/market/2548
2549,Initiate's Hatchet,Unkupo Zeno,10500,1,2023-11-20T04:39:30.000Z,https://universalis.app/market/2549
2551,Plumed Iron Hatchet,Tiugh Athair,29999,1,2023-11-25T01:04:40.000Z,https://universalis.app/market/2551
5359,Chocobo Feather,A'risu Fhey,1400,1,2023-12-06T01:55:16.000Z,https://universalis.app/market/5359
2552,Steel Hatchet,Sorrelia Blanchet,15000,1,2023-11-28T00:45:34.000Z,https://universalis.app/market/2552
2553,Plumed Steel Hatchet,Exeo Ryoth,7999,1,2023-12-05T21:49:35.000Z,https://universalis.app/market/2553
2554,Mythril Hatchet,Miao' Miao,18999,1,2023-11-27T20:33:04.000Z,https://universalis.app/market/2554
2556,Horned Hatchet,Baby Goat,125000,1,2023-11-29T12:19:30.000Z,https://universalis.app/market/2556
2560,Bronze Scythe,Elhadrim Shepard,15000,1,2023-11-19T23:33:21.000Z,https://universalis.app/market/2560
2562,Iron Scythe,Unkupo Zeno,10000,1,2023-11-20T04:35:34.000Z,https://universalis.app/market/2562
2563,Initiate's Scythe,Vagabond Daddy,1000,1,2023-12-01T20:16:54.000Z,https://universalis.app/market/2563
2565,Steel Scythe,Shara Isha,10000,1,2023-11-30T05:04:57.000Z,https://universalis.app/market/2565
2566,Wrapped Steel Scythe,Morzan Darkstrider,5000,1,2023-11-16T15:22:40.000Z,https://universalis.app/market/2566
2568,Mythril Scythe,Drakina Theders,13000,1,2023-11-28T08:48:33.000Z,https://universalis.app/market/2568
2569,Cobalt Scythe,Faul'st Helio,16965,1,2023-12-01T14:20:52.000Z,https://universalis.app/market/2569
2572,Maple Fishing Rod,Kyoko Horikawa,2000,1,2023-11-22T00:12:31.000Z,https://universalis.app/market/2572
2573,Amateur's Fishing Rod,Shiki Makura,499,1,2023-12-02T04:09:28.000Z,https://universalis.app/market/2573
2574,Elm Fishing Rod,Lobster Salad,13000,1,2023-11-23T07:31:13.000Z,https://universalis.app/market/2574
2575,Initiate's Fishing Rod,Rin Exile,5000,1,2023-11-16T18:19:52.000Z,https://universalis.app/market/2575
2576,Yew Fishing Rod,Azrael Starblaze,5000,1,2023-11-15T03:01:56.000Z,https://universalis.app/market/2576
2577,Staghorn Fishing Rod,Azrael Starblaze,12000,1,2023-11-16T14:13:11.000Z,https://universalis.app/market/2577
2578,Walnut Fishing Rod,Hazel Owsla,35000,1,2023-11-21T21:03:12.000Z,https://universalis.app/market/2578
2579,Horn Fishing Rod,Beer Pup,7500,1,2023-12-06T00:01:52.000Z,https://universalis.app/market/2579
2580,Mahogany Fishing Rod,Ouka Ootori,21000,1,2023-11-18T02:55:45.000Z,https://universalis.app/market/2580
2581,Rosewood Fishing Rod,Juicy Iryut,18000,1,2023-11-17T20:15:39.000Z,https://universalis.app/market/2581
2582,Gilded Rosewood Fishing Rod,Yrys Kha-qalli,38800,1,2023-11-30T19:13:17.000Z,https://universalis.app/market/2582
2588,Crayfish Ball,Arilla O'hare,1001,38,2023-12-04T01:51:30.000Z,https://universalis.app/market/2588
4825,Rye Flour,Ayolan Whiteflame,950,1,2023-11-19T23:59:51.000Z,https://universalis.app/market/4825
4925,Crayfish,Arilla O'hare,10000,2,2023-12-02T01:46:53.000Z,https://universalis.app/market/4925
2589,Goby Ball,Kali Eldevik,999,87,2023-12-10T02:07:01.000Z,https://universalis.app/market/2589
4931,Dusk Goby,Icarus Sundragon,1495,2,2023-11-22T00:18:11.000Z,https://universalis.app/market/4931
2593,Crab Ball,Nicolette Duclare,50,10,2023-11-26T20:26:38.000Z,https://universalis.app/market/2593
4880,Helmet Crab,Arilla O'hare,3000,19,2023-12-02T05:50:48.000Z,https://universalis.app/market/4880
2595,Bass Ball,Ethel Amanpour,301,54,2023-11-30T18:28:45.000Z,https://universalis.app/market/2595
4826,Sunset Wheat Flour,Kazuto Kayaba,10000,1,2023-11-29T04:03:29.000Z,https://universalis.app/market/4826
4959,Dark Bass,Kaiko Bakakun,5001,5,2023-11-21T17:38:57.000Z,https://universalis.app/market/4959
2598,Herring Ball,Milleuda Folles,101,97,2023-12-03T01:12:22.000Z,https://universalis.app/market/2598
4895,Indigo Herring,Z'taria Minett,1100,2,2023-12-07T18:59:13.000Z,https://universalis.app/market/4895
2610,Chocobo Fly,Milleuda Folles,470,12,2023-12-03T01:12:09.000Z,https://universalis.app/market/2610
2611,Floating Minnow,Kali Eldevik,500,1,2023-12-08T00:53:33.000Z,https://universalis.app/market/2611
2612,Brass Spoon Lure,Milleuda Folles,499,13,2023-12-03T01:11:51.000Z,https://universalis.app/market/2612
2614,Crow Fly,I'm Home,4500,1,2023-12-08T00:52:50.000Z,https://universalis.app/market/2614
2615,Silver Spoon Lure,Ethel Amanpour,330,2,2023-11-30T18:29:13.000Z,https://universalis.app/market/2615
2616,Steel Jig,Vast Peach,450,99,2023-11-15T20:25:15.000Z,https://universalis.app/market/2616
2617,Sinking Minnow,Sol Ille,6000,3,2023-11-16T03:28:14.000Z,https://universalis.app/market/2617
2618,Snurble Fly,Climhazzard Fury,5000,5,2023-11-26T12:24:42.000Z,https://universalis.app/market/2618
5349,Snurble Tufts,Aze'a Rinoh,1300,2,2023-12-03T03:00:28.000Z,https://universalis.app/market/5349
2619,Heavy Steel Jig,A'reyal Raha,3000,5,2023-11-15T15:54:05.000Z,https://universalis.app/market/2619
2620,Spinner,Sol Astrophel,5000,5,2023-11-16T21:27:20.000Z,https://universalis.app/market/2620
4900,Whitelip Oyster,Pansy Tinyfoot,2500,3,2023-11-29T15:33:59.000Z,https://universalis.app/market/4900
2622,Mythril Spoon Lure,Milleuda Folles,2500,3,2023-12-03T01:12:43.000Z,https://universalis.app/market/2622
2623,Wildfowl Fly,Mars Knight,1500,3,2023-11-17T02:30:17.000Z,https://universalis.app/market/2623
2624,Topwater Frog,Beef Broganoff,5000,5,2023-11-23T18:14:15.000Z,https://universalis.app/market/2624
2625,Rainbow Spoon Lure,Deleni Ambarella,4000,5,2023-11-22T07:14:23.000Z,https://universalis.app/market/2625
5466,Blacklip Oyster,Bearen Axer,4895,1,2023-11-17T08:56:50.000Z,https://universalis.app/market/5466
2626,Spinnerbait,Deleni Ambarella,5000,1,2023-11-15T11:09:43.000Z,https://universalis.app/market/2626
5329,Undyed Felt,Lockesly L'crit,6002,1,2023-12-02T20:48:32.000Z,https://universalis.app/market/5329
2627,Streamer,Hyoon Murasame,2995,5,2023-12-08T19:07:58.000Z,https://universalis.app/market/2627
2628,Yumizuno,Rua Alara,5000,5,2023-11-15T05:55:56.000Z,https://universalis.app/market/2628
2629,Hempen Coif,Annette Hitachine,9000,1,2023-11-25T22:57:35.000Z,https://universalis.app/market/2629
2630,Hempen Coif of Gathering,Arj'el Alaurin,10000000,1,2023-12-01T15:10:22.000Z,https://universalis.app/market/2630
2631,Leather Calot,Garrish Strong,2250000,1,2023-12-06T08:19:26.000Z,https://universalis.app/market/2631
2650,Company Hat,So Fetch,970000,1,2023-11-26T21:48:50.000Z,https://universalis.app/market/2650
12590,Ramie Cloth,Princess Princess,4000,1,2023-11-20T04:04:45.000Z,https://universalis.app/market/12590
12595,Ramie Thread,Tsubame Yatsurugi,5000,2,2023-12-01T05:59:44.000Z,https://universalis.app/market/12595
2652,Hempen Bandana,Tai'sahn Kahn,1000,1,2023-11-22T09:12:14.000Z,https://universalis.app/market/2652
2653,Leather Eyepatch,Thane Kholin,5000,1,2023-11-30T21:54:35.000Z,https://universalis.app/market/2653
2654,Hard Leather Pot Helm,Caleina Hidashi,4000,1,2023-11-17T20:08:20.000Z,https://universalis.app/market/2654
2655,Hempen Hat,Darth Solidus,15000,1,2023-11-18T04:34:09.000Z,https://universalis.app/market/2655
2656,Bronze Chain Coif,Aurora Dragonlight,499,1,2023-11-20T02:55:17.000Z,https://universalis.app/market/2656
5081,Bronze Rings,Griever Beoulve,10,2,2023-11-28T08:07:18.000Z,https://universalis.app/market/5081
2658,Straw Hat,Hran Selnir,74806000,1,2023-12-03T21:55:43.000Z,https://universalis.app/market/2658
5342,Straw,Lilymarie Bean,780,99,2023-12-06T02:29:41.000Z,https://universalis.app/market/5342
2660,Amateur's Headgear,Matrim Finn,2500,1,2023-11-17T16:00:36.000Z,https://universalis.app/market/2660
2661,Amateur's Hempen Coif,Dino Punch-kick,6000,1,2023-11-24T23:30:30.000Z,https://universalis.app/market/2661
2662,Bronze Sallet,Thane Kholin,15000,1,2023-12-01T21:38:32.000Z,https://universalis.app/market/2662
2663,Stablemaid's Hat,Karyn Ava,3006,1,2023-11-17T03:39:37.000Z,https://universalis.app/market/2663
5540,Carnation,Sursonique D'argelos,9995,1,2023-12-09T21:46:00.000Z,https://universalis.app/market/5540
2664,Bronze Barbut,Atsui Hono,100,1,2023-11-21T20:15:57.000Z,https://universalis.app/market/2664
2665,Cotton Turban,Y'shkena Aera,2000,1,2023-11-21T00:19:38.000Z,https://universalis.app/market/2665
2668,Brass Spectacles,Redren Kawakami,14895,1,2023-11-16T21:30:55.000Z,https://universalis.app/market/2668
5512,Clear Glass Lens,Oni Turtle,1000,2,2023-11-22T16:32:13.000Z,https://universalis.app/market/5512
2669,Hard Leather Eyepatch,Ume Oryian,1000,1,2023-11-24T15:19:25.000Z,https://universalis.app/market/2669
2670,Cotton Scarf,Cecily Sparrowheart,200000,1,2023-11-28T02:03:27.000Z,https://universalis.app/market/2670
2672,Hard Leather Skullcap,Veneria Foreshadow,500,1,2023-11-28T23:28:38.000Z,https://universalis.app/market/2672
2673,Bronze Celata,Sae Hana,2998,1,2023-12-06T03:39:17.000Z,https://universalis.app/market/2673
2675,Ash Mask,Sylvie Mito,1008,1,2023-11-30T22:17:21.000Z,https://universalis.app/market/2675
2677,Hunting Hat,Alt One,842,1,2023-12-07T23:32:50.000Z,https://universalis.app/market/2677
2680,Decorated Bronze Barbut,Krusos Aureus,15000,1,2023-12-07T00:45:24.000Z,https://universalis.app/market/2680
2685,Brass Circlet (Sunstone),Heimlich Houndeth,3500,1,2023-12-04T00:13:28.000Z,https://universalis.app/market/2685
5169,Sunstone,Gwell Moko,84,2,2023-11-30T22:37:13.000Z,https://universalis.app/market/5169
2687,Brass Circlet (Danburite),Atsui Hono,500,1,2023-11-16T17:22:47.000Z,https://universalis.app/market/2687
5170,Danburite,Pansy Tinyfoot,4000,2,2023-11-21T01:36:41.000Z,https://universalis.app/market/5170
2689,Brass Circlet (Malachite),Beer Pup,4670,1,2023-12-03T02:23:45.000Z,https://universalis.app/market/2689
5171,Malachite,Tabius Korinthos,499,1,2023-12-02T03:21:47.000Z,https://universalis.app/market/5171
2691,Brass Circlet (Sphene),Caleina Hidashi,15000,1,2023-11-21T00:31:40.000Z,https://universalis.app/market/2691
5172,Sphene,Motoko Kusanyagi,200,1,2023-12-03T19:58:12.000Z,https://universalis.app/market/5172
2693,Brass Circlet (Fluorite),Sett Tayuun,90,1,2023-11-30T16:21:21.000Z,https://universalis.app/market/2693
5173,Fluorite,Edenian Saren,1000,12,2023-12-08T05:41:44.000Z,https://universalis.app/market/5173
5174,Lapis Lazuli,Mira Eliandra,100,2,2023-11-25T03:45:38.000Z,https://universalis.app/market/5174
2697,Goatskin Pot Helm,Rev Midnattsol,1500,1,2023-12-02T18:20:26.000Z,https://universalis.app/market/2697
2699,Cotton Coif,Snow Ash,7650,1,2023-12-08T03:26:51.000Z,https://universalis.app/market/2699
2700,Cotton Coif of Gathering,Unkupo Zeno,1000,1,2023-11-20T04:40:17.000Z,https://universalis.app/market/2700
2703,Ash Mask (Lapis Lazuli),Shei'kom Zhula,5000,1,2023-11-21T12:06:04.000Z,https://universalis.app/market/2703
2708,Iron Sallet,Xeos Xeor,4000,1,2023-12-06T15:11:41.000Z,https://universalis.app/market/2708
2710,Goatskin Eyepatch,Vivace Cantabile,15000000,1,2023-12-09T01:03:42.000Z,https://universalis.app/market/2710
5082,Iron Rings,Z'mhati Bladedancer,900,2,2023-11-15T20:50:54.000Z,https://universalis.app/market/5082
2714,Initiate's Headgear,Tai'sahn Kahn,49999,1,2023-11-26T09:03:36.000Z,https://universalis.app/market/2714
2719,Cotton Sugarloaf Hat,Klia Churel,30000000,1,2023-12-02T01:03:49.000Z,https://universalis.app/market/2719
2723,Iron Elmo,Smeagle Neshbit,1313,1,2023-11-16T10:15:59.000Z,https://universalis.app/market/2723
2725,Reinforced Iron Sallet,Tivieonne Teaurlin,10000,1,2023-11-19T02:15:28.000Z,https://universalis.app/market/2725
2727,Velveteen Bandana,Anikira Hopheart,7900,1,2023-12-07T07:43:04.000Z,https://universalis.app/market/2727
2728,Silver Spectacles,Kohaku Kurohana,10000,1,2023-11-19T01:27:49.000Z,https://universalis.app/market/2728
2729,Velveteen Turban,Austrant Monfinot,9000,1,2023-11-29T23:50:06.000Z,https://universalis.app/market/2729
2731,Silver Magnifiers,Biehue Arelagee,30000,1,2023-12-09T08:25:19.000Z,https://universalis.app/market/2731
2733,Velveteen Wedge Cap of Crafting,Asuka Kuroneko,3000,1,2023-11-24T08:22:13.000Z,https://universalis.app/market/2733
2734,Velveteen Wedge Cap of Gathering,Xu'ra Viyashe,9500,1,2023-11-16T20:51:45.000Z,https://universalis.app/market/2734
2735,Silver Circlet (Garnet),Yvona Hellebora,33000,1,2023-11-20T14:51:15.000Z,https://universalis.app/market/2735
5175,Garnet,Yuyumuko Sesemuko,700,1,2023-12-03T14:49:59.000Z,https://universalis.app/market/5175
2737,Silver Circlet (Goshenite),Gelther Ashdale,35000,1,2023-11-18T22:16:15.000Z,https://universalis.app/market/2737
5176,Goshenite,Vespa Ti,2000,2,2023-11-20T03:54:35.000Z,https://universalis.app/market/5176
2739,Silver Circlet (Peridot),Riya Lionett,20000,1,2023-11-25T08:32:32.000Z,https://universalis.app/market/2739
5177,Peridot,Minxie Kha,1395,1,2023-11-15T02:09:03.000Z,https://universalis.app/market/5177
2741,Silver Circlet (Heliodor),Kuro Anaideia,49999,1,2023-11-17T10:12:31.000Z,https://universalis.app/market/2741
5178,Heliodor,Shizuka Inozuka,3000,4,2023-11-29T04:29:41.000Z,https://universalis.app/market/5178
2743,Silver Circlet (Amethyst),Seren Bancroft,30000,1,2023-11-18T14:22:36.000Z,https://universalis.app/market/2743
5179,Amethyst,Sigmund Bearclaw,2000,2,2023-11-19T07:03:35.000Z,https://universalis.app/market/5179
2745,Silver Circlet (Aquamarine),Claire Wolfwind,20000,1,2023-11-20T06:03:47.000Z,https://universalis.app/market/2745
5180,Aquamarine,Premium Heart,2601,2,2023-11-22T17:50:18.000Z,https://universalis.app/market/5180
2750,Velveteen Beret,Merinda Sunrider,20000,1,2023-11-29T19:32:45.000Z,https://universalis.app/market/2750
5343,Cotton Boll,Dampier Stoneheart,900,6,2023-11-19T10:28:08.000Z,https://universalis.app/market/5343
5355,Dodo Feather,Xiao Nemeseos,500,10,2023-12-10T16:05:50.000Z,https://universalis.app/market/5355
2753,Steel Sallet,Aries Kahlok,39999,1,2023-11-16T04:01:33.000Z,https://universalis.app/market/2753
2755,Steel Celata,Shion Chos,10000000,1,2023-12-11T23:43:46.000Z,https://universalis.app/market/2755
2757,Vintage Celata,Veles Arca,35000,1,2023-11-20T02:04:25.000Z,https://universalis.app/market/2757
2758,Steel Goggles,Divinix Windstar,30000,1,2023-11-20T20:57:22.000Z,https://universalis.app/market/2758
2763,Velveteen Sugarloaf Hat,Solara Rose,25000,1,2023-11-20T05:41:22.000Z,https://universalis.app/market/2763
2767,Skull Eyepatch,Takemikazuchi Ak,45000,1,2023-11-22T11:50:38.000Z,https://universalis.app/market/2767
2769,Mythril Magnifiers,Madame Krysis,16020000,1,2023-11-25T21:22:17.000Z,https://universalis.app/market/2769
2774,Mythril Spectacles,Cidon Hudon,30000,1,2023-12-03T05:25:01.000Z,https://universalis.app/market/2774
2776,Linen Turban,Potato Plato,51037,1,2023-12-02T00:00:24.000Z,https://universalis.app/market/2776
2778,Angler's Hat,Tai'sahn Kahn,40000,1,2023-11-23T03:58:55.000Z,https://universalis.app/market/2778
2779,Linen Hat,Katie Yagami,19500,1,2023-11-20T12:25:33.000Z,https://universalis.app/market/2779
2785,Vintage Chef's Hat,Cezi Lotye,75000,1,2023-11-15T01:46:05.000Z,https://universalis.app/market/2785
2786,Steel Barbut,Mephisto Baelfire,11000,1,2023-12-02T17:27:54.000Z,https://universalis.app/market/2786
2788,Boarskin Pot Helm,Trystan Payne,10000,1,2023-11-23T06:03:18.000Z,https://universalis.app/market/2788
2790,Mythril Circlet (Rubellite),Seren Bancroft,35000,1,2023-11-25T14:34:51.000Z,https://universalis.app/market/2790
5181,Rubellite,Shen Flips,2200,2,2023-11-29T22:30:37.000Z,https://universalis.app/market/5181
2792,Mythril Circlet (Zircon),Moon Binnie,17000,1,2023-12-02T07:34:12.000Z,https://universalis.app/market/2792
5182,Zircon,Dinah Valero,1000,2,2023-11-25T21:13:14.000Z,https://universalis.app/market/5182
2796,Mythril Circlet (Amber),Nasir Thesys,5037,1,2023-11-27T20:03:50.000Z,https://universalis.app/market/2796
5184,Amber,Haru Desu,4444,1,2023-11-20T08:11:36.000Z,https://universalis.app/market/5184
2798,Mythril Circlet (Spinel),Kohaku Kurohana,35000,1,2023-12-06T00:28:48.000Z,https://universalis.app/market/2798
5185,Spinel,Nai Kiba,1000,1,2023-11-26T08:07:14.000Z,https://universalis.app/market/5185
2800,Mythril Circlet (Turquoise),Killer Ofgods,9998,1,2023-11-17T19:16:58.000Z,https://universalis.app/market/2800
5186,Turquoise,Torsten Foxe,1000,1,2023-11-18T09:01:36.000Z,https://universalis.app/market/5186
2802,Mythril Elmo,Violette Rosa,33000,1,2023-12-11T05:15:42.000Z,https://universalis.app/market/2802
2804,Linen Wedge Cap of Crafting,Asuka Kawahara,8500,1,2023-11-23T05:13:47.000Z,https://universalis.app/market/2804
2805,Linen Wedge Cap of Gathering,Valek Gado,9500,1,2023-11-29T17:23:02.000Z,https://universalis.app/market/2805
2806,Woolen Coif,Sophiane Fortances,35000,1,2023-11-21T06:52:50.000Z,https://universalis.app/market/2806
5328,Undyed Woolen Cloth,Sophie Wolt,3002,1,2023-12-09T02:20:31.000Z,https://universalis.app/market/5328
2810,Woolen Turban,Nyota Kasanui,25000,1,2023-11-17T07:55:30.000Z,https://universalis.app/market/2810
2812,Mythril Celata,Hori Muramasa,25000,1,2023-11-15T21:29:02.000Z,https://universalis.app/market/2812
5089,Mythril Rings,Finwick Shorttail,1999,3,2023-12-10T04:42:39.000Z,https://universalis.app/market/5089
2814,Woolen Hat,Yvona Hellebora,20000,1,2023-11-30T13:09:09.000Z,https://universalis.app/market/2814
2816,Linen Deerstalker,Aeya Fukiku,30000,1,2023-11-20T02:09:31.000Z,https://universalis.app/market/2816
2817,Mythril Barbut,Gc Gold,20000,1,2023-11-23T16:28:15.000Z,https://universalis.app/market/2817
2819,Mythril Mesail,Koochi Fujiwara,20000,1,2023-11-24T20:40:11.000Z,https://universalis.app/market/2819
2825,Ranger's Hat,Shiro Zo,146,1,2023-11-26T20:37:12.000Z,https://universalis.app/market/2825
2827,Mythril Chain Coif,Aro Godo,10046,1,2023-11-20T13:42:45.000Z,https://universalis.app/market/2827
2829,Woolen Beret,Froo Defroo,39999,1,2023-11-15T04:50:05.000Z,https://universalis.app/market/2829
5348,Apkallu Down,Kaine Hildr,1368,30,2023-11-15T18:40:02.000Z,https://universalis.app/market/5348
2830,Reinforced Mythril Elmo,Oberyn Highwind,60000,1,2023-11-26T03:54:15.000Z,https://universalis.app/market/2830
2832,Woolen Cavalier's Hat,Makeshift Bun,8000,1,2023-12-02T20:41:19.000Z,https://universalis.app/market/2832
2834,Cobalt Preserves,Elias Wolfhart,30000,1,2023-11-16T00:10:23.000Z,https://universalis.app/market/2834
2835,Felt Coif,Penta Nox,23000,1,2023-12-01T05:46:32.000Z,https://universalis.app/market/2835
2837,Felt Coif of Gathering,Neptune Xiii,9499,1,2023-12-06T23:27:55.000Z,https://universalis.app/market/2837
2850,Cobalt Elmo,Arius Galliel,9000,1,2023-12-02T01:45:22.000Z,https://universalis.app/market/2850
2852,Felt Hat,Only Cosm,30000,1,2023-12-03T21:11:54.000Z,https://universalis.app/market/2852
2854,Woolen Deerstalker,Divinix Windstar,50000,1,2023-11-16T04:11:22.000Z,https://universalis.app/market/2854
2855,Vintage Jester's Cap,Nasir Thesys,8500,1,2023-11-30T20:17:24.000Z,https://universalis.app/market/2855
2857,Electrum Monocle,Big Mommas,17495,1,2023-12-01T08:08:47.000Z,https://universalis.app/market/2857
5087,Brass Rings,Miss Cruvty,147,2,2023-11-28T09:23:23.000Z,https://universalis.app/market/5087
2859,Cobalt Barbut,Divinix Windstar,29999,1,2023-11-15T23:17:29.000Z,https://universalis.app/market/2859
2861,Cobalt Mesail,Lydia Bailey,40000,1,2023-11-22T03:26:05.000Z,https://universalis.app/market/2861
2862,Raptorskin Pot Helm,Ophelia Free,30000,1,2023-12-07T01:28:48.000Z,https://universalis.app/market/2862
2870,Electrum Circlet (Rubellite),Meff Y-,54999,1,2023-11-28T01:14:19.000Z,https://universalis.app/market/2870
2872,Electrum Circlet (Zircon),Agent Undercover,39999,1,2023-11-23T22:07:20.000Z,https://universalis.app/market/2872
2874,Electrum Circlet (Tourmaline),He'hu Speyx,10000,1,2023-11-22T02:47:24.000Z,https://universalis.app/market/2874
2876,Electrum Circlet (Amber),Yura Lie,39999,1,2023-11-18T06:16:03.000Z,https://universalis.app/market/2876
2878,Electrum Circlet (Spinel),Kohaku Kurohana,50061,1,2023-12-07T23:12:32.000Z,https://universalis.app/market/2878
2880,Electrum Circlet (Turquoise),Alidiana Elliotosha,4500,1,2023-12-03T18:46:18.000Z,https://universalis.app/market/2880
2882,Rainmaker's Hat,Blue Sky,29996,1,2023-12-05T07:37:44.000Z,https://universalis.app/market/2882
2884,Cobalt Chain Coif,Bataar Dotharl,7678,1,2023-11-19T04:12:26.000Z,https://universalis.app/market/2884
5084,Cobalt Rings,Ari Noa,2000,2,2023-11-22T08:46:07.000Z,https://universalis.app/market/5084
2886,Felt Beret,Ayre Coral,40000,1,2023-11-25T06:45:15.000Z,https://universalis.app/market/2886
2888,Vintage Coif,Momaga Dalamaga,29999,1,2023-11-25T04:15:28.000Z,https://universalis.app/market/2888
2889,Cobalt Celata,Star Eirena,850,1,2023-11-30T00:21:48.000Z,https://universalis.app/market/2889
2891,Felt Cavalier's Hat,Niriya' Sunrider,22063,1,2023-12-05T07:41:02.000Z,https://universalis.app/market/2891
2893,Cobalt Sallet,Seren Bancroft,35000,1,2023-12-10T00:40:44.000Z,https://universalis.app/market/2893
2895,Patrician's Wedge Cap,Hardread Ironfist,49999,1,2023-11-29T19:05:25.000Z,https://universalis.app/market/2895
2911,Militia Barbut,Naobi Merry,7868,1,2023-11-16T02:05:43.000Z,https://universalis.app/market/2911
2912,Militia Armet,Star Eirena,750,1,2023-11-29T23:35:26.000Z,https://universalis.app/market/2912
2913,Militia Hat,Yuki Rena,599,1,2023-12-01T07:28:43.000Z,https://universalis.app/market/2913
2915,Silver Tricorne,Shizuka Inozuka,3000,1,2023-11-29T04:22:19.000Z,https://universalis.app/market/2915
5287,Uraeus Leather,Hibari Bugai,11999,2,2023-11-26T21:58:31.000Z,https://universalis.app/market/5287
2921,Blacksmith's Goggles,Sorsha Bavmorda,10000,1,2023-11-21T06:30:47.000Z,https://universalis.app/market/2921
2922,Armorer's Visor,Steevon Dejiki,5001,1,2023-11-22T01:56:46.000Z,https://universalis.app/market/2922
2923,Goldsmith's Turban,Ronni Ray,12978,1,2023-11-25T00:19:55.000Z,https://universalis.app/market/2923
2924,Leatherworker's Hat,Nebiki Tendo,5000,1,2023-11-21T00:09:45.000Z,https://universalis.app/market/2924
2925,Weaver's Gibus,Bur Rito,80000,1,2023-11-28T23:10:31.000Z,https://universalis.app/market/2925
2926,Alchemist's Monocle,Norman Granville,10999,1,2023-11-19T02:35:30.000Z,https://universalis.app/market/2926
2927,Culinarian's Hat,Maxx Alexandros,20000,1,2023-11-30T01:37:14.000Z,https://universalis.app/market/2927
2928,Hamlet Digger's Helmet,Ronni Ray,16999,1,2023-11-24T20:59:13.000Z,https://universalis.app/market/2928
2929,Hamlet Cutter's Hat,Etsaru Celeste,31000,1,2023-11-29T16:06:31.000Z,https://universalis.app/market/2929
2930,Hamlet Puller's Hat,Shrimpies Esquire,17000,1,2023-12-03T05:36:29.000Z,https://universalis.app/market/2930
2932,Rose Gold Circlet,Kitt Moana,892,1,2023-12-05T23:25:03.000Z,https://universalis.app/market/2932
2931,Legionary Visor,Wisty Faelira,1750000,1,2023-11-26T17:46:01.000Z,https://universalis.app/market/2931
5067,Rose Gold Ingot,Anteres Hasov,999,12,2023-11-15T07:22:31.000Z,https://universalis.app/market/5067
2934,Imperial Operative Hat,Onii Chan'root,4801,1,2023-12-03T05:08:11.000Z,https://universalis.app/market/2934
2938,Gryphonskin Bandana,Xander Sol,1500,1,2023-12-01T10:46:03.000Z,https://universalis.app/market/2938
5289,Hard Hippogryph Leather,Yam'i Sukehiro,3000,1,2023-11-15T14:20:25.000Z,https://universalis.app/market/5289
2939,Gryphonskin Hat,Va'lette Ny'nax,1889,1,2023-12-04T23:44:14.000Z,https://universalis.app/market/2939
2940,Darksteel Chain Coif,Vicia Faba,1000,1,2023-11-27T06:03:45.000Z,https://universalis.app/market/2940
5085,Darksteel Rings,Marxi Valentine,200,2,2023-12-02T04:53:12.000Z,https://universalis.app/market/5085
2941,Vanya Hat of Casting,Cedryn Polymetis,28898,1,2023-11-16T13:46:26.000Z,https://universalis.app/market/2941
5577,Vanya Silk Hat Lining,Yuki Rena,2620,1,2023-12-01T07:29:47.000Z,https://universalis.app/market/5577
2942,Vanya Hat of Healing,Aizen Margrace,17826,1,2023-11-24T02:53:44.000Z,https://universalis.app/market/2942
2958,Hempen Dalmatica,Ayrie Lin,200,1,2023-11-20T18:55:39.000Z,https://universalis.app/market/2958
2959,Hempen Dalmatica of Gathering,Asterius Seheult,10000000,1,2023-11-18T20:26:02.000Z,https://universalis.app/market/2959
2960,Hempen Tunic,Ren Kenshiro,1000000,1,2023-11-29T08:41:57.000Z,https://universalis.app/market/2960
2961,Hempen Kurta,Annabelle Pepperton,105,1,2023-12-02T19:42:28.000Z,https://universalis.app/market/2961
2993,Company Tabard,Major Pain-og,1399996,1,2023-11-19T20:09:14.000Z,https://universalis.app/market/2993
2996,Hempen Undershirt,Harionage Aogane,9503,1,2023-11-23T17:54:47.000Z,https://universalis.app/market/2996
2997,Hempen Camise,Madame Krysis,107077000,1,2023-12-03T00:33:44.000Z,https://universalis.app/market/2997
2999,Hempen Tabard,Kiso Mihata,1398,1,2023-12-04T22:58:30.000Z,https://universalis.app/market/2999
3000,Hempen Cowl,Wisty Faelira,500000,1,2023-12-02T21:52:06.000Z,https://universalis.app/market/3000
3001,Hempen Shepherd's Tunic,Serena Relanah,3555,1,2023-11-18T01:44:17.000Z,https://universalis.app/market/3001
3008,Hempen Acton,Thane Kholin,14000,1,2023-12-01T21:38:50.000Z,https://universalis.app/market/3008
5341,Moko Grass,Bellexis Ter'vash,400,2,2023-12-04T19:13:39.000Z,https://universalis.app/market/5341
3010,Hempen Halfrobe,Icarus Sundragon,4003,1,2023-11-29T00:34:05.000Z,https://universalis.app/market/3010
3011,Bronze Haubergeon,Icarus Sundragon,4999,1,2023-11-25T00:47:24.000Z,https://universalis.app/market/3011
3013,Amateur's Doublet Vest,Silver Silver,1900,1,2023-11-23T04:40:47.000Z,https://universalis.app/market/3013
3014,Amateur's Kurta,Creepy Doll,87100000,1,2023-12-08T15:34:41.000Z,https://universalis.app/market/3014
3015,Amateur's Dalmatica,Kyrselda Tsalahn,1006,1,2023-12-03T02:58:23.000Z,https://universalis.app/market/3015
3016,Leather Jacket,Evangeline Hallowleaf,3000,1,2023-11-22T01:00:34.000Z,https://universalis.app/market/3016
3017,Hard Leather Harness,Yvona Hellebora,10009,1,2023-11-18T16:32:22.000Z,https://universalis.app/market/3017
3018,Hempen Robe,Redren Kawakami,5009,1,2023-11-16T21:31:14.000Z,https://universalis.app/market/3018
3019,Hempen Doublet Vest of Crafting,Aoife Ambros,1000,1,2023-12-06T14:48:44.000Z,https://universalis.app/market/3019
3020,Hempen Doublet Vest of Gathering,Aurane Waters,5000,1,2023-11-17T06:47:43.000Z,https://universalis.app/market/3020
3022,Cotton Shirt,Rin Chii,10000,1,2023-11-27T22:18:01.000Z,https://universalis.app/market/3022
3023,Cotton Shepherd's Tunic,Akuma Mir,1000,1,2023-12-05T03:30:27.000Z,https://universalis.app/market/3023
3024,Cotton Cowl,Riku Agatsuma,1000,1,2023-11-29T01:27:57.000Z,https://universalis.app/market/3024
3026,Bronze Cuirass,Karyn Ava,1000,1,2023-11-17T03:38:07.000Z,https://universalis.app/market/3026
3028,Cotton Tabard,Ryukuzo Wintersoul,5000,1,2023-11-20T23:33:42.000Z,https://universalis.app/market/3028
3036,Cotton Dalmatica,Primal Rage,75000000,1,2023-11-18T00:11:42.000Z,https://universalis.app/market/3036
3038,Cotton Dalmatica of Gathering,Johnny-jeans Deno,1000,1,2023-12-01T03:18:08.000Z,https://universalis.app/market/3038
3039,Cotton Acton,Chinami Ezume,70000,1,2023-11-29T02:34:23.000Z,https://universalis.app/market/3039
3041,Cotton Kurta,Xu'ra Viyashe,20000,1,2023-11-16T20:52:20.000Z,https://universalis.app/market/3041
3045,Iron Cuirass,Fishtara Moonsong,795,1,2023-11-30T13:02:46.000Z,https://universalis.app/market/3045
3050,Cotton Halfrobe,Estelle Bright,50000,1,2023-12-01T23:24:04.000Z,https://universalis.app/market/3050
3052,Cotton Doublet Vest of Crafting,Indarkness Falls,49999,1,2023-11-17T17:52:06.000Z,https://universalis.app/market/3052
3053,Cotton Doublet Vest of Gathering,Nell Higgins,42000,1,2023-12-03T13:14:16.000Z,https://universalis.app/market/3053
3057,Iron Scale Mail,Illia Donrov,5495,1,2023-11-21T01:16:57.000Z,https://universalis.app/market/3057
3060,Cotton Trapper's Tunic,Nox Luna,9499,1,2023-11-23T15:08:06.000Z,https://universalis.app/market/3060
3062,Cotton Robe,Holt Moll,91800000,1,2023-11-15T08:36:21.000Z,https://universalis.app/market/3062
3064,Initiate's Doublet Vest,Oscar Greywind,30000,1,2023-11-27T04:41:40.000Z,https://universalis.app/market/3064
3065,Initiate's Gown,Ophelia Hallowheart,25000000,1,2023-11-20T23:37:08.000Z,https://universalis.app/market/3065
3066,Velveteen Shirt,Katie Yagami,50000,1,2023-11-20T12:15:08.000Z,https://universalis.app/market/3066
3068,Heavy Iron Armor,Nix Ennorin,2999,1,2023-11-20T23:25:59.000Z,https://universalis.app/market/3068
3076,Vintage Coatee,Aubrey Calpurnia,72000,1,2023-11-20T01:10:51.000Z,https://universalis.app/market/3076
3009,Moth-eaten Coatee,Lera Mezune,20000000,1,2023-11-26T03:39:08.000Z,https://universalis.app/market/3009
3077,Velveteen Coatee of Crafting,H'rahdi Tia,20000,1,2023-12-01T19:40:49.000Z,https://universalis.app/market/3077
3090,Velveteen Cowl,Kana Ataashi,19999,1,2023-12-02T00:13:35.000Z,https://universalis.app/market/3090
3092,Velveteen Coatee of Gathering,Tai'sahn Kahn,13000,1,2023-11-22T19:16:03.000Z,https://universalis.app/market/3092
3096,Steel Chainmail,Princess Princess,30000,1,2023-12-02T20:32:38.000Z,https://universalis.app/market/3096
5083,Steel Rings,Tiugh Athair,1500,7,2023-11-18T00:19:50.000Z,https://universalis.app/market/5083
3099,Toadskin Jerkin,Joan Madden,25000,1,2023-12-05T16:48:59.000Z,https://universalis.app/market/3099
3100,Toadskin Jacket,Tavra Windsifter,29999,1,2023-11-21T19:45:33.000Z,https://universalis.app/market/3100
3102,Steel Cuirass,Aelle Seafome,1500,1,2023-11-15T05:59:54.000Z,https://universalis.app/market/3102
3104,Velveteen Gown,Sorsha Tears,29000,1,2023-11-27T05:35:44.000Z,https://universalis.app/market/3104
3105,Vintage Doublet Vest,Angel Black,57999,1,2023-11-22T01:58:55.000Z,https://universalis.app/market/3105
3106,Velveteen Robe,Primrose Azelhart,10000,1,2023-11-27T23:15:44.000Z,https://universalis.app/market/3106
3118,Steel Scale Mail,Mint Forsythia,10000,1,2023-11-16T05:43:23.000Z,https://universalis.app/market/3118
3120,Velveteen Doublet Vest of Crafting,Dawn Millz,29998,1,2023-11-23T03:18:39.000Z,https://universalis.app/market/3120
3121,Velveteen Doublet Vest of Gathering,Bruce Leroi,34990,1,2023-12-02T21:15:58.000Z,https://universalis.app/market/3121
3125,Linen Shirt,Grand Pa,29999,1,2023-11-28T02:21:10.000Z,https://universalis.app/market/3125
3131,Linen Robe,Moon Binnie,20000,1,2023-11-18T09:14:11.000Z,https://universalis.app/market/3131
3137,Vintage Chef's Apron,Sophiane Fortances,983184,1,2023-11-21T06:52:58.000Z,https://universalis.app/market/3137
3138,Boarskin Harness,Riku Agatsuma,29000,1,2023-11-22T01:41:55.000Z,https://universalis.app/market/3138
3140,Linen Cowl,Druza Einaris,29000,1,2023-11-18T20:21:42.000Z,https://universalis.app/market/3140
3142,Horn Scale Mail,Vindi Bajhiri,30069,1,2023-11-28T21:31:57.000Z,https://universalis.app/market/3142
3144,Linen Coatee of Crafting,Druza Einaris,20000,1,2023-11-20T22:02:21.000Z,https://universalis.app/market/3144
3145,Linen Coatee of Gathering,Lachlan Valentino,14900,1,2023-12-01T02:59:26.000Z,https://universalis.app/market/3145
3146,Linen Bliaud,Lisuga Diwa,14500,1,2023-11-16T16:22:58.000Z,https://universalis.app/market/3146
3147,Woolen Shirt,Umbra Ardere,45000,1,2023-11-26T07:24:49.000Z,https://universalis.app/market/3147
3149,Mythril Cuirass,Yura Lie,48000,1,2023-11-21T04:54:07.000Z,https://universalis.app/market/3149
3160,Woolen Robe,Cielo Le'fleur,25000,1,2023-11-23T17:31:28.000Z,https://universalis.app/market/3160
3162,Linen Smock,Aeya Fukiku,30000,1,2023-11-20T02:09:40.000Z,https://universalis.app/market/3162
3163,Linen Doublet,Solaara Windynn,18000,1,2023-11-19T10:32:17.000Z,https://universalis.app/market/3163
3164,Vintage Scale Mail,Luciano Enciodes,40000,1,2023-11-20T20:04:32.000Z,https://universalis.app/market/3164
3021,Blackened Scale Mail,Beba Loot,888,1,2023-11-24T00:47:25.000Z,https://universalis.app/market/3021
3165,Peisteskin Harness,Azrael Starblaze,58000,1,2023-11-15T03:02:54.000Z,https://universalis.app/market/3165
3172,Ranger's Tunic,Fallexi Vallandros,25000,1,2023-11-26T00:18:08.000Z,https://universalis.app/market/3172
3174,Mythril Haubergeon,Shizuka Inozuka,26250,1,2023-11-29T04:17:32.000Z,https://universalis.app/market/3174
3176,Woolen Gown,Hi Adept,39999,1,2023-11-23T17:34:02.000Z,https://universalis.app/market/3176
3177,Boarskin Jerkin,Veneria Foreshadow,30000,1,2023-11-28T23:31:28.000Z,https://universalis.app/market/3177
3178,Woolen Bliaud,Luca Balsa,3900,1,2023-11-20T23:33:21.000Z,https://universalis.app/market/3178
3180,High Mythril Armor,Seren Bancroft,50000,1,2023-11-29T22:37:36.000Z,https://universalis.app/market/3180
3182,Vintage Seneschal Coatee,Avalon Elnora,32880,1,2023-11-15T00:52:26.000Z,https://universalis.app/market/3182
3183,Tortoiseshell Scale Mail,Angel Black,25000,1,2023-11-22T01:59:55.000Z,https://universalis.app/market/3183
3185,Felt Robe,Fox Warbird,11085,1,2023-11-24T08:38:47.000Z,https://universalis.app/market/3185
3187,Woolen Smock,Chiull Malqir,20000,1,2023-11-17T05:38:49.000Z,https://universalis.app/market/3187
3188,Woolen Doublet,Nessa Mshar,13800,1,2023-11-29T07:20:13.000Z,https://universalis.app/market/3188
3191,Raptorskin Harness,Aymeko Ibuki,65000,1,2023-11-23T08:27:02.000Z,https://universalis.app/market/3191
3201,Rainmaker's Tunic,Vayne Carudas,24999,1,2023-11-18T10:33:52.000Z,https://universalis.app/market/3201
3203,Cobalt Haubergeon,Veles Arca,49999,1,2023-11-15T15:25:15.000Z,https://universalis.app/market/3203
3205,Felt Gown,Fus Roduh,23999,1,2023-11-24T02:02:10.000Z,https://universalis.app/market/3205
3206,Raptorskin Jerkin,Crixus Gallic,49999,1,2023-11-28T00:21:27.000Z,https://universalis.app/market/3206
3208,Vintage Robe,Ovan Reeve,35999,1,2023-11-21T03:41:59.000Z,https://universalis.app/market/3208
3209,Cobalt Cuirass,Dotori Terrapin,13889,1,2023-11-15T22:28:23.000Z,https://universalis.app/market/3209
3211,Felt Bliaud,Dotori Terrapin,34500,1,2023-11-21T15:01:00.000Z,https://universalis.app/market/3211
3213,Raptorskin Jacket,Ume Chorrynth,65000,1,2023-11-20T00:30:46.000Z,https://universalis.app/market/3213
3215,Patrician's Coatee,Xaed'ah Lunoro,30000,1,2023-12-05T14:14:42.000Z,https://universalis.app/market/3215
3229,Carpenter's Gown,Michael Hatsune,14000,1,2023-11-29T13:49:22.000Z,https://universalis.app/market/3229
3230,Blacksmith's Apron,Nyx Daemonborne,25000,1,2023-11-26T05:20:04.000Z,https://universalis.app/market/3230
3231,Armorer's Gown,Eiro K'allio,17897,1,2023-11-27T03:58:15.000Z,https://universalis.app/market/3231
3232,Goldsmith's Doublet,Fluff Guck,24000,1,2023-11-15T03:24:10.000Z,https://universalis.app/market/3232
3233,Leatherworker's Shirt,Ronni Ray,22297,1,2023-11-23T20:44:58.000Z,https://universalis.app/market/3233
3234,Weaver's Swallowtail,Secret Puffin,45000,1,2023-11-28T00:08:49.000Z,https://universalis.app/market/3234
3235,Alchemist's Coat,Sgt Combustable,50000,1,2023-11-28T11:23:15.000Z,https://universalis.app/market/3235
3236,Culinarian's Apron,Ren Ra-ra-ra,50000,1,2023-11-20T08:16:22.000Z,https://universalis.app/market/3236
3237,Miner's Shirt,Aemlus Karlc,70000,1,2023-12-02T23:58:36.000Z,https://universalis.app/market/3237
3238,Botanist's Doublet,Aliste Silvertail,70000,1,2023-12-10T01:42:10.000Z,https://universalis.app/market/3238
3239,Fisher's Shirt,Riv Crowe,70000,1,2023-11-19T03:49:49.000Z,https://universalis.app/market/3239
3240,Militia Robe,Nikkia Bovino,6496,1,2023-12-02T20:52:43.000Z,https://universalis.app/market/3240
3241,Militia Cuirass,Lena Celah,15468,1,2023-11-29T03:08:19.000Z,https://universalis.app/market/3241
3242,Militia Harness,Mholi Purpura,199999,1,2023-11-17T11:18:18.000Z,https://universalis.app/market/3242
3243,Mosshorn Scale Mail,Bradan Flyff,4999,1,2023-11-29T06:18:28.000Z,https://universalis.app/market/3243
5437,Mossy Horn,Saltheart Foamfollow,659,1,2023-11-28T22:37:48.000Z,https://universalis.app/market/5437
3244,Dodore Doublet,Nessa Mshar,45000,1,2023-11-29T07:19:49.000Z,https://universalis.app/market/3244
5286,Dodore Leather,Vinna Vim,555,2,2023-11-21T23:29:18.000Z,https://universalis.app/market/5286
3249,Imperial Operative Dalmatica,Xander Sol,1001,1,2023-12-01T10:49:19.000Z,https://universalis.app/market/3249
3256,Heavy Darksteel Armor,Saiya Pepo,6951,1,2023-11-16T05:16:09.000Z,https://universalis.app/market/3256
5585,Darksteel Breastplate,Marxi Valentine,3000,1,2023-12-02T04:54:03.000Z,https://universalis.app/market/5585
5105,Garlean Steel Plate,Ryana Stormbringer,500000,1,2023-11-26T13:53:27.000Z,https://universalis.app/market/5105
3258,Gryphonskin Jerkin,Leon Vince,1388,1,2023-11-21T01:57:47.000Z,https://universalis.app/market/3258
5290,Coeurl Fur,Yuki Ronso,200,2,2023-11-19T03:19:22.000Z,https://universalis.app/market/5290
5581,Gryphonskin Shoulder Guards,Cedrik Winterbane,2098,1,2023-12-01T05:01:43.000Z,https://universalis.app/market/5581
3259,Gryphonskin Tunic,Siobhan Kellia,997,1,2023-11-26T18:36:26.000Z,https://universalis.app/market/3259
5104,Garlean Steel Joint,Shirase Yoshida,3000,1,2023-11-28T02:28:56.000Z,https://universalis.app/market/5104
3260,Vanya Robe of Casting,Strawberry Creampuff,8498,1,2023-11-15T04:37:00.000Z,https://universalis.app/market/3260
3261,Vanya Robe of Healing,Azaric Katsumi,79152,1,2023-11-15T15:23:10.000Z,https://universalis.app/market/3261
3274,Hempen Breeches,Icarus Sundragon,10,1,2023-11-18T21:07:32.000Z,https://universalis.app/market/3274
3275,Hempen Breeches of Crafting,Deitrich Strongknight,1000,1,2023-11-15T03:23:18.000Z,https://universalis.app/market/3275
3307,Hempen Underpants,Velikas Sieghart,30000000,1,2023-11-23T01:40:10.000Z,https://universalis.app/market/3307
3308,Hempen Pantalettes,Rina Aoki,353000000,1,2023-12-02T05:25:56.000Z,https://universalis.app/market/3308
3309,Hempen Chausses,Aulneux Bremond,10000000,1,2023-11-15T08:38:16.000Z,https://universalis.app/market/3309
3310,Leather Culottes,Tai'sahn Kahn,1300,1,2023-11-22T09:13:27.000Z,https://universalis.app/market/3310
3311,Hempen Sarouel,Kiso Mihata,5000,1,2023-12-04T22:58:16.000Z,https://universalis.app/market/3311
3312,Hempen Tights,Nistia Kerra,50002,1,2023-12-10T04:46:55.000Z,https://universalis.app/market/3312
3313,Hempen Kecks,Takemikazuchi Ak,5000,1,2023-11-22T11:42:25.000Z,https://universalis.app/market/3313
3314,Hempen Gaskins,Jen Booty,10000,1,2023-11-26T16:41:42.000Z,https://universalis.app/market/3314
3315,Amateur's Slops,Riku Agatsuma,98990,1,2023-11-29T00:22:30.000Z,https://universalis.app/market/3315
3316,Amateur's Breeches,Dino Punch-kick,25000,1,2023-11-24T19:08:41.000Z,https://universalis.app/market/3316
3317,Hempen Bottoms,Irie Yagami,24999,1,2023-11-20T10:33:06.000Z,https://universalis.app/market/3317
3318,Hempen Trousers,Dino Punch-kick,20000,1,2023-11-24T19:08:35.000Z,https://universalis.app/market/3318
3319,Hard Leather Subligar,Koznhevikova Rhiikoro,10009,1,2023-12-01T00:11:10.000Z,https://universalis.app/market/3319
3320,Striped Cotton Slops,Moon Binnie,5010,1,2023-11-15T09:25:10.000Z,https://universalis.app/market/3320
3321,Cotton Sarouel,Buttered Pancakes,10011,1,2023-11-24T22:04:54.000Z,https://universalis.app/market/3321
3322,Cotton Shepherd's Slops,Neyven Draung,1010,1,2023-11-18T05:26:50.000Z,https://universalis.app/market/3322
3324,Cotton Chausses,Dark Zetsu,20011,1,2023-11-20T01:39:21.000Z,https://universalis.app/market/3324
3325,Padded Hempen Trousers,Catnip Lacroix,10,1,2023-11-20T03:06:23.000Z,https://universalis.app/market/3325
3327,Cotton Tights,Jenevelle Astrael,29998,1,2023-11-20T02:16:50.000Z,https://universalis.app/market/3327
3332,Cotton Trousers,Riku Agatsuma,12,1,2023-11-18T20:46:52.000Z,https://universalis.app/market/3332
3334,Cotton Breeches,Ovan Reeve,25000,1,2023-11-19T23:29:05.000Z,https://universalis.app/market/3334
3336,Cotton Breeches of Crafting,Xu'ra Viyashe,49999,1,2023-11-16T20:51:00.000Z,https://universalis.app/market/3336
3337,Goatskin Brais,Dommy-mommy Gator,500,1,2023-12-01T05:12:50.000Z,https://universalis.app/market/3337
3339,Padded Cotton Trousers,Delru Gerrik,5000,1,2023-11-17T22:07:43.000Z,https://universalis.app/market/3339
3341,Initiate's Slops,Tai'sahn Kahn,646464,1,2023-11-26T09:04:44.000Z,https://universalis.app/market/3341
3343,Cotton Gaskins,Valeria Fableforge,15999,1,2023-11-16T10:00:02.000Z,https://universalis.app/market/3343
3345,Cotton Kecks,Kai Narukami,6999,1,2023-11-21T21:49:23.000Z,https://universalis.app/market/3345
3347,Goatskin Breeches,Lady Satarel,20000,1,2023-12-02T06:03:27.000Z,https://universalis.app/market/3347
3348,Velveteen Chausses,Tatsumi Foxx,29900,1,2023-11-26T21:32:11.000Z,https://universalis.app/market/3348
3349,Velveteen Sarouel,Zelda Faye,20000,1,2023-12-01T07:40:09.000Z,https://universalis.app/market/3349
3351,Velveteen Sarouel of Gathering,Haddred Romero,30000,1,2023-12-02T16:08:00.000Z,https://universalis.app/market/3351
3352,Heavy Iron Flanchard,Exeo Ryoth,5500,1,2023-12-02T00:37:45.000Z,https://universalis.app/market/3352
3354,Striped Velveteen Slops,Warm Milk,4550,1,2023-11-25T00:22:09.000Z,https://universalis.app/market/3354
3355,Velveteen Tights,Hotaru Kurogane,81135,1,2023-11-28T01:23:08.000Z,https://universalis.app/market/3355
3363,Velveteen Bottoms,Saba Mir,33000,1,2023-11-15T02:17:36.000Z,https://universalis.app/market/3363
3365,Velveteen Trousers,Villain Guy,20000,1,2023-11-18T18:54:34.000Z,https://universalis.app/market/3365
3367,Toadskin Brais,Marron Aegina,4000,1,2023-11-18T16:19:44.000Z,https://universalis.app/market/3367
3369,Toadskin Culottes,Tsukyomi Esperia,25000,1,2023-11-17T06:21:27.000Z,https://universalis.app/market/3369
3370,Padded Velveteen Trousers,Aelle Seafome,7046,1,2023-11-15T06:00:07.000Z,https://universalis.app/market/3370
3372,Velveteen Gaskins,Kuro Anaideia,20000,1,2023-11-17T10:12:52.000Z,https://universalis.app/market/3372
3377,Toadskin Breeches,Divinix Windstar,25000,1,2023-11-19T16:59:46.000Z,https://universalis.app/market/3377
3379,Linen Chausses,Shiohei Namikaze,8000,1,2023-12-01T21:40:47.000Z,https://universalis.app/market/3379
3383,Linen Sarouel,Mephisto Baelfire,19999,1,2023-12-02T17:25:58.000Z,https://universalis.app/market/3383
3385,Linen Sarouel of Gathering,Neptune Xiii,15060,1,2023-12-06T23:32:47.000Z,https://universalis.app/market/3385
3386,Heavy Steel Flanchard,Ayshia Lafon,20000,1,2023-11-19T02:34:27.000Z,https://universalis.app/market/3386
3397,Linen Tights,Trystan Payne,50000,1,2023-11-23T06:04:22.000Z,https://universalis.app/market/3397
3402,Boarskin Subligar,Riku Agatsuma,45000,1,2023-11-22T21:58:36.000Z,https://universalis.app/market/3402
3404,Linen Bottoms,Sheri Fei,35000,1,2023-11-28T09:50:26.000Z,https://universalis.app/market/3404
3405,Boarskin Breeches,Jace Rehn,40000,1,2023-11-23T04:32:01.000Z,https://universalis.app/market/3405
