id,name,buyerName,pricePerUnit,quantity,timestamp,universalisUrl
1602,Bronze Bastard Sword,Matrim Finn,6000,1,2023-09-22T17:46:09.000Z,https://universalis.app/market/1602
2,Fire Shard,Kevin Blackstone,175,55,2023-10-01T23:57:49.000Z,https://universalis.app/market/2
5,Earth Shard,Drako Orionson,90,56,2023-10-04T17:39:06.000Z,https://universalis.app/market/5
5056,Bronze Ingot,Shana Summer,900,1,2023-10-12T17:11:08.000Z,https://universalis.app/market/5056
5361,Maple Lumber,Lucythebates Sr,350,12,2023-09-25T21:36:14.000Z,https://universalis.app/market/5361
5432,Bone Chip,Lunaria Luna,7300000,1,2023-10-05T03:09:30.000Z,https://universalis.app/market/5432
1603,Viking Sword,Arraut Kauveur,3000,1,2023-10-02T01:22:26.000Z,https://universalis.app/market/1603
5275,Leather,Strider Strix,1000,10,2023-10-04T12:12:46.000Z,https://universalis.app/market/5275
1604,Ash Macuahuitl,Lyric Uzal,10000000,1,2023-10-05T01:47:08.000Z,https://universalis.app/market/1604
3,Ice Shard,Zaen Midlandian,110,458,2023-10-09T21:25:00.000Z,https://universalis.app/market/3
4,Wind Shard,Rheanna Mathias,175,55,2023-09-24T21:44:51.000Z,https://universalis.app/market/4
5124,Obsidian,Luna Moonshine,1500,10,2023-09-29T16:43:19.000Z,https://universalis.app/market/5124
5364,Ash Lumber,Akuma Mir,2000,1,2023-09-29T04:57:33.000Z,https://universalis.app/market/5364
1605,Bronze Spatha,Lili Neko,6900,1,2023-10-03T15:43:38.000Z,https://universalis.app/market/1605
5276,Hard Leather,Lucythebates Sr,950,1,2023-09-19T03:43:32.000Z,https://universalis.app/market/5276
5434,Ram Horn,Leem Cheese,1001,4,2023-10-15T02:20:07.000Z,https://universalis.app/market/5434
1607,Brass Bastard Sword,Cutie Muffin,1061,1,2023-10-09T17:31:20.000Z,https://universalis.app/market/1607
5063,Brass Ingot,Akari Sara,700,1,2023-10-08T04:53:51.000Z,https://universalis.app/market/5063
1609,Brass Viking Sword,Esso Anso,10000,1,2023-09-23T00:46:24.000Z,https://universalis.app/market/1609
5277,Aldgoat Leather,Zero Amiya,5000,10,2023-10-10T17:33:19.000Z,https://universalis.app/market/5277
1611,Carnage Sword,Sobra Ironmane,250,1,2023-09-29T17:55:44.000Z,https://universalis.app/market/1611
1614,Iron Shortsword,Zack Dreyar,5000,1,2023-10-09T01:21:00.000Z,https://universalis.app/market/1614
5057,Iron Ingot,Ra Zetzy,750,98,2023-10-16T05:36:22.000Z,https://universalis.app/market/5057
5367,Elm Lumber,Vuln Collector,1250,1,2023-09-27T01:13:20.000Z,https://universalis.app/market/5367
1622,Iron Spatha,Mercenary Hunter,4001,1,2023-09-26T21:00:22.000Z,https://universalis.app/market/1622
5435,Antelope Horn,Th'reftis Hyalenos,2848,1,2023-09-23T14:30:53.000Z,https://universalis.app/market/5435
1625,Steel Broadsword,Zaen Midlandian,30000,1,2023-09-27T19:06:54.000Z,https://universalis.app/market/1625
5058,Steel Ingot,Retroactive Augury,7779,1,2023-10-05T07:37:44.000Z,https://universalis.app/market/5058
5371,Walnut Lumber,Yasuo Battlepass,2750,7,2023-09-22T05:47:46.000Z,https://universalis.app/market/5371
5444,Wolf Fang,Sumi Satsuo,2750,70,2023-10-13T11:27:54.000Z,https://universalis.app/market/5444
1627,Elm Macuahuitl,Leili Kouris,5000,1,2023-09-19T04:07:55.000Z,https://universalis.app/market/1627
1633,Steel Falchion,Zaen Midlandian,34500,1,2023-09-28T16:36:12.000Z,https://universalis.app/market/1633
5260,Siltstone Whetstone,Vayle Caligo,10000,2,2023-09-22T10:39:11.000Z,https://universalis.app/market/5260
8,Fire Crystal,Satoto Sato,175,55,2023-09-21T21:26:53.000Z,https://universalis.app/market/8
1606,Blunt Bastard Sword,Mahalath Bloodmoon,1500,1,2023-09-27T03:12:13.000Z,https://universalis.app/market/1606
5259,Mudstone Whetstone,Lhosan Tirasch,949,1,2023-09-29T21:10:39.000Z,https://universalis.app/market/5259
1637,Walnut Macuahuitl,Imali Gregory,10600,1,2023-10-07T22:57:08.000Z,https://universalis.app/market/1637
5125,Wyvern Obsidian,Surana Kyrain,1111,1,2023-10-07T01:03:40.000Z,https://universalis.app/market/5125
1639,Steel Longsword,Makoto Hajime,4000,1,2023-10-12T01:11:42.000Z,https://universalis.app/market/1639
5504,Fish Glue,Ms Eldari,3000,1,2023-09-27T09:29:37.000Z,https://universalis.app/market/5504
1642,Goblin Scimitar,Capulus Tempus,9999,1,2023-09-28T02:19:45.000Z,https://universalis.app/market/1642
1613,Blunt Goblin Scimitar,Ryo Saeba,1999,1,2023-10-06T10:44:04.000Z,https://universalis.app/market/1613
5065,Mythril Ingot,Raikkuma Rikkityfrikk,2998,1,2023-10-12T06:00:28.000Z,https://universalis.app/market/5065
5373,Oak Lumber,Emily Greymane,4000,2,2023-09-20T17:11:29.000Z,https://universalis.app/market/5373
1648,Vintage Viking Sword,Capulus Tempus,30000,1,2023-09-25T10:20:02.000Z,https://universalis.app/market/1648
11,Earth Crystal,Shuhei Kazeshini,998,200,2023-09-20T17:28:34.000Z,https://universalis.app/market/11
1616,Nicked Viking Sword,Eith Neir,30000,1,2023-09-25T02:01:20.000Z,https://universalis.app/market/1616
5262,Basilisk Whetstone,Surana Kyrain,3800,1,2023-10-10T09:25:46.000Z,https://universalis.app/market/5262
1650,Plumed Oak Macuahuitl,Earl Flatpants,10000,1,2023-09-24T23:51:49.000Z,https://universalis.app/market/1650
5360,Wildfowl Feather,Top Doge,2500,3,2023-10-06T03:31:10.000Z,https://universalis.app/market/5360
5059,Cobalt Ingot,Kishin Echo,2700,2,2023-09-26T07:41:51.000Z,https://universalis.app/market/5059
5066,Electrum Ingot,Dietrich Ostendorff,5000,10,2023-09-20T02:34:18.000Z,https://universalis.app/market/5066
5282,Boar Leather,Sebert Seton,6000,3,2023-10-02T03:48:51.000Z,https://universalis.app/market/5282
1659,Cobalt Shamshir,Anima Rosa,49999,1,2023-09-30T04:43:04.000Z,https://universalis.app/market/1659
5436,Aldgoat Horn,Mina Heartstone,4200,1,2023-10-10T04:38:30.000Z,https://universalis.app/market/5436
1663,Cobalt Winglet,Khadryn Wrynn,50000,1,2023-10-11T01:49:08.000Z,https://universalis.app/market/1663
5374,Mahogany Lumber,Cyclic Law,3500,1,2023-10-05T02:35:12.000Z,https://universalis.app/market/5374
5465,Sunrise Tellin,Evalia Lavene,999,80,2023-10-04T04:18:49.000Z,https://universalis.app/market/5465
5505,Horn Glue,Tyetus Rygar,10000,1,2023-09-19T15:17:39.000Z,https://universalis.app/market/5505
1666,Giantsgall Longsword,Logan Fox,19499,1,2023-09-23T19:54:23.000Z,https://universalis.app/market/1666
18,Lightning Cluster,Shinobi Dm,750,100,2023-09-22T00:14:13.000Z,https://universalis.app/market/18
19,Water Cluster,Brohnny Javo,496,100,2023-09-25T05:20:36.000Z,https://universalis.app/market/19
7579,Mossy Stone Sword,Nora Belle,10,1,2023-10-09T17:44:20.000Z,https://universalis.app/market/7579
7620,Diluted Vitriol,Hintrikki Horo,800,9,2023-10-08T14:00:15.000Z,https://universalis.app/market/7620
1670,Aeolian Scimitar,Logan Fox,97700,1,2023-09-25T23:33:00.000Z,https://universalis.app/market/1670
1636,Blunt Aeolian Scimitar,Tempest Celest,1999,1,2023-09-19T01:27:34.000Z,https://universalis.app/market/1636
5061,Darksteel Nugget,Matmia Mia,3500,1,2023-09-27T04:53:00.000Z,https://universalis.app/market/5061
1673,Mailbreaker,Astraea Jager,8110,1,2023-10-13T08:27:48.000Z,https://universalis.app/market/1673
14,Fire Cluster,Rhel'ryo Jinjahl,678,100,2023-09-26T05:11:43.000Z,https://universalis.app/market/14
17,Earth Cluster,Lucythebates Sr,257,253,2023-09-22T04:11:17.000Z,https://universalis.app/market/17
5068,Rose Gold Nugget,Hexhera Rayne,20000,11,2023-10-11T00:42:01.000Z,https://universalis.app/market/5068
5288,Hippogryph Leather,Yashia Eevee,2999,4,2023-09-20T13:50:56.000Z,https://universalis.app/market/5288
5570,Mailbreaker Blade,Cinnamon Sugar,2000,1,2023-09-22T13:58:20.000Z,https://universalis.app/market/5570
1681,Bone Hora,Mephisto Baelfire,350000,1,2023-10-01T17:10:10.000Z,https://universalis.app/market/1681
5318,Animal Sinew,Hop Pang,1800000,1,2023-09-22T07:40:26.000Z,https://universalis.app/market/5318
1682,Leather Himantes,Matrim Finn,10000,1,2023-09-26T17:45:15.000Z,https://universalis.app/market/1682
5324,Undyed Hempen Cloth,Samuel Poe,500,7,2023-10-07T10:48:53.000Z,https://universalis.app/market/5324
1683,Ramhorn Claws,Rasandria Heavensfall,500,1,2023-09-24T18:23:43.000Z,https://universalis.app/market/1683
1684,Bronze Knuckles,Amati Amour,5000,1,2023-10-04T17:18:15.000Z,https://universalis.app/market/1684
1685,Hard Leather Himantes,Yemi Akhabila,100,1,2023-09-28T20:49:14.000Z,https://universalis.app/market/1685
1686,Brass Knuckles,Amati Amour,5000,1,2023-10-04T17:16:27.000Z,https://universalis.app/market/1686
1688,Goatskin Cesti,Tran Tran,1800,1,2023-10-10T01:34:53.000Z,https://universalis.app/market/1688
5319,Beast Sinew,Big Al,700,2,2023-09-22T22:30:46.000Z,https://universalis.app/market/5319
1694,Spiked Knuckles,Ultra Violent,1999,1,2023-09-24T08:15:02.000Z,https://universalis.app/market/1694
5072,Iron Plate,Leili Kouris,1250,3,2023-09-25T20:58:58.000Z,https://universalis.app/market/5072
5280,Toad Leather,Raynee Day,13000,1,2023-10-06T04:03:18.000Z,https://universalis.app/market/5280
5320,Diremite Sinew,Petra Iscarriot,490,6,2023-10-14T12:47:40.000Z,https://universalis.app/market/5320
1699,Steel Claws,Velita Anyse,10000,1,2023-09-20T05:44:06.000Z,https://universalis.app/market/1699
5073,Steel Plate,S'onder Son,3000,1,2023-09-25T06:11:32.000Z,https://universalis.app/market/5073
1706,Crabshell Hora,Cpt Puddingcup,10000,1,2023-09-19T09:01:08.000Z,https://universalis.app/market/1706
5321,Hippogryph Sinew,Paz Khatayin,1000,2,2023-10-07T23:39:53.000Z,https://universalis.app/market/5321
5456,Green Megalocrab Shell,Ravyn Thurnstone,580,15,2023-09-20T00:30:07.000Z,https://universalis.app/market/5456
1708,Boarskin Himantes,Arizona Sun-tea,21999,1,2023-10-06T02:21:49.000Z,https://universalis.app/market/1708
1711,Mythril Claws,Angel Black,50000,1,2023-09-30T20:39:51.000Z,https://universalis.app/market/1711
5079,Mythril Plate,Surly Panther,7779,7,2023-10-04T13:24:29.000Z,https://universalis.app/market/5079
1716,Tortoiseshell Hora,Storm Avas,20000,1,2023-09-22T20:12:39.000Z,https://universalis.app/market/1716
5322,Raptor Sinew,Maighdinn Uisge,1988,16,2023-10-10T11:44:08.000Z,https://universalis.app/market/5322
5458,Adamantoise Shell,Nuticus Maximus,800,11,2023-09-30T13:56:06.000Z,https://universalis.app/market/5458
1723,Cobalt Knuckles,Keaira Slater,28500,1,2023-09-19T17:39:06.000Z,https://universalis.app/market/1723
1728,Peisteskin Cesti,Farren Jarrett,10103,1,2023-09-30T03:43:14.000Z,https://universalis.app/market/1728
5284,Peiste Leather,Tenebrae Shadowlight,2500,15,2023-09-21T01:08:41.000Z,https://universalis.app/market/5284
1732,Vintage Hora,Courage Cowardly,8421,1,2023-09-23T01:43:54.000Z,https://universalis.app/market/1732
1701,Chipped Hora,Mika Alister,2000,1,2023-09-24T21:37:04.000Z,https://universalis.app/market/1701
5285,Raptor Leather,Kavarion Sien,2472,1,2023-09-22T22:28:04.000Z,https://universalis.app/market/5285
1733,Cobalt Claws,Rahyne Cloute,15000,1,2023-09-27T21:22:05.000Z,https://universalis.app/market/1733
5074,Cobalt Plate,Sanya Arun'del,4000,6,2023-10-04T21:07:05.000Z,https://universalis.app/market/5074
1736,Giantsgall Claws,Where'smy Tia,2990,1,2023-10-12T11:10:49.000Z,https://universalis.app/market/1736
1740,Wildling's Cesti,Ko'ia Duskveil,75400,1,2023-09-21T07:33:21.000Z,https://universalis.app/market/1740
10,Wind Crystal,Lilliluke Arde,998,200,2023-10-07T18:53:54.000Z,https://universalis.app/market/10
5567,Bloody Cesti Covers,Kurai Fluffytail,2200,1,2023-09-27T17:12:33.000Z,https://universalis.app/market/5567
1743,Avengers,Doodoo Beau,1165,1,2023-09-20T02:31:56.000Z,https://universalis.app/market/1743
5378,Spruce Lumber,Lorethys Serethar,7500,1,2023-10-08T23:11:28.000Z,https://universalis.app/market/5378
5571,Avenger Grips,Didrianna Winterset,2099,2,2023-10-08T00:57:42.000Z,https://universalis.app/market/5571
1750,Bronze War Axe,Yxeng Tataraji,4000,1,2023-10-08T00:39:33.000Z,https://universalis.app/market/1750
1751,Bronze Labrys,Metorva Cross,100,1,2023-10-03T22:04:57.000Z,https://universalis.app/market/1751
1752,Cloud Axe,Kittru Rhakirsson,199,1,2023-09-22T02:47:20.000Z,https://universalis.app/market/1752
1753,Spiked Bronze Labrys,Shono Kagon,4500,1,2023-10-04T16:32:06.000Z,https://universalis.app/market/1753
1754,Iron War Axe,Dark Sunshine,10000,1,2023-10-15T02:28:55.000Z,https://universalis.app/market/1754
1756,Iron Labrys,Bun Tsukino,8000,1,2023-09-23T06:23:12.000Z,https://universalis.app/market/1756
1758,Inferno Axe,Retroactive Augury,5000,1,2023-10-03T16:39:42.000Z,https://universalis.app/market/1758
1764,Iron Bill,Uncle G',10000,1,2023-09-26T00:22:54.000Z,https://universalis.app/market/1764
4856,Clove Oil,Diotrephes Saddy,3000,5,2023-10-08T15:12:30.000Z,https://universalis.app/market/4856
5368,Yew Lumber,Panthanaea Silverwood,2500,8,2023-10-11T22:13:39.000Z,https://universalis.app/market/5368
1766,Thunderstorm Axe,Wind-up Astrid,28000000,1,2023-10-12T20:49:24.000Z,https://universalis.app/market/1766
5064,Silver Ingot,Akari Nye,50000000,1,2023-10-11T03:32:19.000Z,https://universalis.app/market/5064
1769,Spiked Steel Labrys,Adrianna Richard,500,1,2023-09-23T17:22:06.000Z,https://universalis.app/market/1769
1776,Steel Bardiche,Endoh Reaper,21060,1,2023-10-04T05:06:52.000Z,https://universalis.app/market/1776
5405,Yew Branch,Farren Jarrett,1025,20,2023-10-15T23:30:07.000Z,https://universalis.app/market/5405
1778,Steel Bhuj,Ramu Silly,39999,1,2023-09-21T05:14:13.000Z,https://universalis.app/market/1778
1781,Spiked Mythril Labrys,Sadu Heavensfrost,25000,1,2023-09-30T15:50:44.000Z,https://universalis.app/market/1781
1786,Mythril Bhuj,Quote Polarstar,29500,1,2023-09-21T10:24:51.000Z,https://universalis.app/market/1786
1796,Buccaneer's Bardiche,Khadryn Wrynn,45000,1,2023-10-11T00:51:29.000Z,https://universalis.app/market/1796
5414,Rosewood Branch,Zaen Midlandian,1000,5,2023-10-13T16:02:24.000Z,https://universalis.app/market/5414
1800,Vintage Bill,Jenni Code,17000,1,2023-10-03T18:00:17.000Z,https://universalis.app/market/1800
1801,Demilune Bhuj,Naomi Kusakari,105000,1,2023-09-21T00:05:24.000Z,https://universalis.app/market/1801
5196,Jadeite,Diotrephes Saddy,3333,2,2023-10-08T15:31:43.000Z,https://universalis.app/market/5196
1803,Spiked Cobalt Labrys,Neantes Argenti,20000,1,2023-09-24T20:29:57.000Z,https://universalis.app/market/1803
5376,Rosewood Lumber,Remi Malqir,4000,2,2023-10-01T05:42:38.000Z,https://universalis.app/market/5376
1806,Giantsgall War Axe,Where'smy Tia,4949,1,2023-10-12T11:06:10.000Z,https://universalis.app/market/1806
7580,Mossy Stone Axe,Nora Belle,5,1,2023-10-09T17:44:24.000Z,https://universalis.app/market/7580
1810,Barbarian's Bardiche,Saltheart Foamfollow,74500,1,2023-09-19T02:26:32.000Z,https://universalis.app/market/1810
5566,Bloody Bardiche Head,Toff Kobalos,2998,1,2023-09-29T04:06:05.000Z,https://universalis.app/market/5566
1813,Rampager,Kenji Kagura,1790,1,2023-10-10T09:24:19.000Z,https://universalis.app/market/1813
5075,Darksteel Plate,Devori Toebeans,5000,2,2023-09-19T08:41:40.000Z,https://universalis.app/market/5075
5572,Rampager Head,Cinnamon Sugar,2000,1,2023-09-22T13:58:11.000Z,https://universalis.app/market/5572
1820,Bone Harpoon,Alphiknows Your-sins,8000,1,2023-09-20T14:58:51.000Z,https://universalis.app/market/1820
5503,Animal Glue,Rena Ryuugu,100,20,2023-09-28T22:48:10.000Z,https://universalis.app/market/5503
1821,Bronze Spear,Umari Kisne,5000,1,2023-09-20T01:19:22.000Z,https://universalis.app/market/1821
5482,Fish Oil,Cipher Mss,550,1,2023-09-29T20:44:18.000Z,https://universalis.app/market/5482
1822,Ramhorn Harpoon,Juicy Iryut,800,1,2023-09-22T12:26:52.000Z,https://universalis.app/market/1822
1823,Feathered Harpoon,Havok Crippleton,4000,1,2023-10-12T02:26:28.000Z,https://universalis.app/market/1823
5352,Crow Feather,Yun Kai,600,5,2023-09-27T09:48:37.000Z,https://universalis.app/market/5352
5433,Soiled Femur,Koh Moshan,2350,5,2023-09-30T17:32:17.000Z,https://universalis.app/market/5433
1824,Brass Spear,Wynvyre Dawnocean,500,1,2023-09-21T04:28:21.000Z,https://universalis.app/market/1824
1825,Iron Spear,Imali Gregory,12000,1,2023-10-01T18:36:43.000Z,https://universalis.app/market/1825
1827,Iron Lance,Ruze Edalgna,23017,1,2023-09-19T11:30:30.000Z,https://universalis.app/market/1827
1833,Iron Guisarme,Reighven Wrekz,10600,1,2023-10-05T05:06:02.000Z,https://universalis.app/market/1833
1836,Silver Battle Fork,Kiriya Ren,7000,1,2023-09-27T20:06:34.000Z,https://universalis.app/market/1836
5484,Crab Oil,Inarie Alouette,6000,1,2023-10-13T18:52:45.000Z,https://universalis.app/market/5484
1838,Steel Halberd,Neio Sol'eki,9500,1,2023-09-20T15:28:51.000Z,https://universalis.app/market/1838
1845,Steel Spear,Juicy Iryut,12000,1,2023-10-06T15:58:01.000Z,https://universalis.app/market/1845
1847,Heavy Steel Lance,Barnabas Cuthbert,10050,1,2023-09-24T02:41:57.000Z,https://universalis.app/market/1847
1850,Yarzonshell Harpoon,Sigdish Gro'robug,23000,1,2023-10-09T03:09:46.000Z,https://universalis.app/market/1850
5454,Yellow Yarzon Leg,Dorys Lanquairt,164,1,2023-09-21T22:01:08.000Z,https://universalis.app/market/5454
1855,Mythril Lance,Vero Peeter,27000,1,2023-10-10T06:32:58.000Z,https://universalis.app/market/1855
1862,Cobalt Halberd,Xavion Qestir,39000,1,2023-09-27T01:47:17.000Z,https://universalis.app/market/1862
1867,Cobalt Trident,Imali Gregory,8000,1,2023-10-09T11:42:28.000Z,https://universalis.app/market/1867
5486,Shark Oil,Diotrephes Saddy,4444,1,2023-10-09T14:20:29.000Z,https://universalis.app/market/5486
9,Ice Crystal,Aelric Gunnar,998,200,2023-09-29T05:03:51.000Z,https://universalis.app/market/9
1872,Hart Guisarme,Invoker Jack,30000,1,2023-10-14T01:04:46.000Z,https://universalis.app/market/1872
1875,Giantsgall Trident,Saff Azrim,3900,1,2023-09-21T03:19:30.000Z,https://universalis.app/market/1875
1879,Champion's Lance,Nyx Blasphemous,99100,1,2023-09-19T08:25:43.000Z,https://universalis.app/market/1879
5565,Bloody Lance Head,Akuma Mir,10000,1,2023-10-13T01:06:07.000Z,https://universalis.app/market/5565
1882,Obelisk,Cameron Marshall,1,1,2023-10-02T08:16:32.000Z,https://universalis.app/market/1882
5573,Obelisk Head,Didrianna Winterset,2100,1,2023-10-08T00:58:01.000Z,https://universalis.app/market/5573
1891,Maple Shortbow,Sinister Shadow,10000,1,2023-09-20T23:24:20.000Z,https://universalis.app/market/1891
5333,Hempen Yarn,Kaylanii Moon,500,99,2023-09-27T01:28:11.000Z,https://universalis.app/market/5333
1892,Maple Longbow,Xander Rubus,3000,1,2023-09-28T16:14:14.000Z,https://universalis.app/market/1892
5396,Maple Branch,Scarlet Evaryss,345,1,2023-09-28T02:31:18.000Z,https://universalis.app/market/5396
1893,Plumed Maple Shortbow,Johnny Rocky,200,1,2023-10-08T22:41:59.000Z,https://universalis.app/market/1893
5351,Cock Feather,Lucythebates Sr,222,1,2023-09-21T06:48:26.000Z,https://universalis.app/market/5351
5402,Ash Branch,Rosalee Shadowmist,600000,1,2023-09-23T23:58:39.000Z,https://universalis.app/market/5402
1895,Ash Shortbow,Ravyn Thurnstone,12500,1,2023-09-20T19:10:25.000Z,https://universalis.app/market/1895
1897,Elm Longbow,Selene Horises,1000,1,2023-10-14T08:09:12.000Z,https://universalis.app/market/1897
5334,Cotton Yarn,Waffer Nutella,500,14,2023-09-22T06:06:36.000Z,https://universalis.app/market/5334
1899,Elm Velocity Bow,Korea Mathilda,50000,1,2023-10-13T22:19:49.000Z,https://universalis.app/market/1899
1905,Wrapped Elm Longbow,Lord Sabaoth,4410,1,2023-10-12T15:32:56.000Z,https://universalis.app/market/1905
1908,Ash Composite Bow,Venat Stern,7741,1,2023-09-25T02:01:30.000Z,https://universalis.app/market/1908
1915,Ash Cavalry Bow,Hydro Xander,19999,1,2023-10-11T23:52:47.000Z,https://universalis.app/market/1915
5409,Oak Branch,Lucythebates Sr,700,10,2023-09-19T05:38:00.000Z,https://universalis.app/market/5409
1917,Oak Longbow,Lord Xyphoos,39999,1,2023-09-24T00:46:29.000Z,https://universalis.app/market/1917
5336,Linen Yarn,Murakumo Nei,20000,1,2023-09-25T20:13:39.000Z,https://universalis.app/market/5336
1920,Mythril Cavalry Bow,Imali Gregory,44555,1,2023-10-01T02:06:48.000Z,https://universalis.app/market/1920
1925,Oak Composite Bow,Buddy Buttercup,39700,1,2023-10-13T17:16:56.000Z,https://universalis.app/market/1925
1937,Yew Longbow,Jhinx Gibberson,40000,1,2023-09-29T13:53:29.000Z,https://universalis.app/market/1937
1941,Vintage Bow,Waka Taewaki,25000,1,2023-09-20T03:54:06.000Z,https://universalis.app/market/1941
1942,Crab Bow,Seiki Kisaki,49998,1,2023-10-09T08:15:41.000Z,https://universalis.app/market/1942
5462,Red Coral,Thistle Loezkhanwyn,5000,1,2023-10-06T18:47:49.000Z,https://universalis.app/market/5462
1945,Giantsgall Longbow,Ebony Aldwyn,1000,1,2023-09-19T06:33:48.000Z,https://universalis.app/market/1945
1949,Longarm's Composite Bow,J'inwa Jarmana,98800,1,2023-10-11T06:04:03.000Z,https://universalis.app/market/1949
5568,Bloody Bow Rim,Black Swan,2399,1,2023-09-27T00:46:17.000Z,https://universalis.app/market/5568
1953,Sarnga,Where'smy Tia,2165,1,2023-10-12T11:15:05.000Z,https://universalis.app/market/1953
15,Ice Cluster,Rory Noire,45,500,2023-09-26T14:25:18.000Z,https://universalis.app/market/15
16,Wind Cluster,Rene Rodriguez,8000,15,2023-09-21T02:55:59.000Z,https://universalis.app/market/16
5574,Sarnga Limb,Kishin Echo,2299,2,2023-10-02T05:50:10.000Z,https://universalis.app/market/5574
1958,Maple Wand,Chigusa Obinata,11090,1,2023-10-09T00:24:13.000Z,https://universalis.app/market/1958
6,Lightning Shard,Xion Solitas,175,55,2023-09-20T18:47:02.000Z,https://universalis.app/market/6
7,Water Shard,Ms Eldari,175,55,2023-09-20T16:47:49.000Z,https://universalis.app/market/7
5470,Growth Formula Alpha,Selene Horises,10002,10,2023-10-04T22:44:24.000Z,https://universalis.app/market/5470
1959,Whispering Maple Wand,Tenshi Itik,6000,1,2023-09-28T06:44:34.000Z,https://universalis.app/market/1959
1960,Budding Maple Wand,Rory Noire,15000,1,2023-09-21T15:42:11.000Z,https://universalis.app/market/1960
5492,Beastkin Blood,Escondor Caligo,310000,1,2023-09-20T17:12:17.000Z,https://universalis.app/market/5492
1961,Ash Wand,Retroactive Augury,5000,1,2023-10-09T08:58:31.000Z,https://universalis.app/market/1961
5471,Growth Formula Beta,Lucythebates Sr,3400,10,2023-09-19T03:21:58.000Z,https://universalis.app/market/5471
1963,Budding Ash Wand,Kassandra Kobayashi,15000,1,2023-09-30T21:48:05.000Z,https://universalis.app/market/1963
1965,Whispering Ash Wand,Samuel Poe,1324,1,2023-09-20T05:02:28.000Z,https://universalis.app/market/1965
5493,Scalekin Blood,Penguin Tree,1500,10,2023-09-25T04:51:28.000Z,https://universalis.app/market/5493
1967,Yew Wand,Nuticus Maximus,10000,1,2023-10-04T14:55:36.000Z,https://universalis.app/market/1967
1969,Budding Yew Wand,Aoko Lyonesse,9000,1,2023-09-26T06:29:13.000Z,https://universalis.app/market/1969
1971,Budding Oak Wand,Patton Thera,2000,1,2023-09-22T06:56:19.000Z,https://universalis.app/market/1971
4603,Hi-Potion of Mind,Nono Hato,2500,3,2023-10-12T03:03:54.000Z,https://universalis.app/market/4603
1974,Wand of Frost,G''raha Tiaa,34000,1,2023-09-30T19:00:17.000Z,https://universalis.app/market/1974
5199,Eye of Ice,Lovely Bloodrose,200,1,2023-10-02T00:23:16.000Z,https://universalis.app/market/5199
5472,Growth Formula Gamma,Diotrephes Saddy,3000,2,2023-10-07T20:12:09.000Z,https://universalis.app/market/5472
1976,Wand of Tremors,Tabi Yuki,7000,1,2023-10-04T03:18:31.000Z,https://universalis.app/market/1976
5201,Eye of Earth,Jade Star,450000,1,2023-10-06T05:18:36.000Z,https://universalis.app/market/5201
1978,Wand of Tides,Lord Xyphoos,30000,1,2023-09-20T02:06:21.000Z,https://universalis.app/market/1978
5203,Eye of Water,Nir Rjuva,15,1,2023-10-04T00:49:01.000Z,https://universalis.app/market/5203
5198,Eye of Fire,Cinnamon Pancakes,799,6,2023-10-07T06:59:37.000Z,https://universalis.app/market/5198
1983,Wand of Gales,Fire Ashes,24887,1,2023-09-23T03:00:22.000Z,https://universalis.app/market/1983
5200,Eye of Wind,Axton Dragonheart,300,1,2023-10-11T05:14:52.000Z,https://universalis.app/market/5200
1985,Wand of Storms,Lady Rozemyne,495,1,2023-09-21T06:16:00.000Z,https://universalis.app/market/1985
5202,Eye of Lightning,Mina Feet,10,1,2023-09-22T12:54:45.000Z,https://universalis.app/market/5202
1987,Budding Rosewood Wand,Julio Drakon,59999,1,2023-10-07T23:29:11.000Z,https://universalis.app/market/1987
4608,Mega-Potion of Mind,Xilia Vield,8000,1,2023-09-21T02:55:43.000Z,https://universalis.app/market/4608
5494,Spoken Blood,Sleepy Ferret,2700,1,2023-10-07T22:26:51.000Z,https://universalis.app/market/5494
1996,Maple Cane,Alphiknows Your-sins,10000,1,2023-09-30T20:58:26.000Z,https://universalis.app/market/1996
1997,Maple Crook,Shin Takeru,1000,1,2023-09-21T02:39:30.000Z,https://universalis.app/market/1997
1998,Ash Radical,Itsleviosa Notleviosa,4751,1,2023-10-08T21:26:06.000Z,https://universalis.app/market/1998
2000,Elm Cane,Tenshi Itik,2000,1,2023-09-30T23:02:29.000Z,https://universalis.app/market/2000
2002,Elm Crook,Celes Hyorin,200,1,2023-09-27T05:03:57.000Z,https://universalis.app/market/2002
2004,Yew Radical,Reighven Wrekz,10600,1,2023-10-04T19:32:48.000Z,https://universalis.app/market/2004
2010,Pastoral Yew Cane,Lumin Surt,1005,1,2023-10-12T20:23:21.000Z,https://universalis.app/market/2010
2011,Yew Crook,Drogo Barriot,4500,1,2023-10-12T18:56:54.000Z,https://universalis.app/market/2011
2015,Walnut Cane,Hestia Vheo,9200,1,2023-09-24T18:36:54.000Z,https://universalis.app/market/2015
2021,Plumed Yew Crook,Yumera Winters,7057,1,2023-09-24T09:46:58.000Z,https://universalis.app/market/2021
2023,Oak Radical,Darkness Rydia,24999,1,2023-09-30T00:35:08.000Z,https://universalis.app/market/2023
2026,Pastoral Oak Cane,Cirus Frostfall,27000,1,2023-10-12T11:50:42.000Z,https://universalis.app/market/2026
2030,Sprouting Rosewood Radical,Tsitra Koi,16775,1,2023-10-06T08:02:20.000Z,https://universalis.app/market/2030
2039,Jade Crook,Orion Night,39999,1,2023-09-29T04:28:49.000Z,https://universalis.app/market/2039
2041,Vintage Cane,Amuri Zalure,26999,1,2023-10-10T01:38:16.000Z,https://universalis.app/market/2041
2014,Splintered Cane,Ryoske Takahashi,1000,1,2023-10-01T06:40:26.000Z,https://universalis.app/market/2014
2044,Pastoral Mahogany Cane,Lucien Lechance,14999,1,2023-09-19T02:02:38.000Z,https://universalis.app/market/2044
5335,Dew Thread,Morzan Darkstrider,2500,23,2023-10-08T05:36:50.000Z,https://universalis.app/market/5335
2047,Tane Mahuta,Sierra Northwind,19000,1,2023-09-30T08:17:40.000Z,https://universalis.app/market/2047
5555,Ochu Vine,Zixion Kharn,11018,1,2023-10-01T20:40:46.000Z,https://universalis.app/market/5555
2048,Giantsgall Cane,Where'smy Tia,2100,1,2023-10-12T11:18:35.000Z,https://universalis.app/market/2048
2049,Madman's Whispering Rod,Abbie Kat,89799,1,2023-09-23T02:49:14.000Z,https://universalis.app/market/2049
12,Lightning Crystal,Shuhei Kazeshini,998,200,2023-09-20T17:29:03.000Z,https://universalis.app/market/12
13,Water Crystal,Shuhei Kazeshini,175,55,2023-09-20T17:29:22.000Z,https://universalis.app/market/13
5473,Growth Formula Delta,Kizuki Mizuno,5000,2,2023-09-20T01:14:25.000Z,https://universalis.app/market/5473
5537,Thavnairian Mistletoe,Rou Ara,275,99,2023-09-25T05:47:15.000Z,https://universalis.app/market/5537
5547,Vampire Plant,Ms Eldari,225,1,2023-10-01T20:48:05.000Z,https://universalis.app/market/5547
2051,Alkalurops,Friedrich Nietzsche,8165,1,2023-09-26T15:39:10.000Z,https://universalis.app/market/2051
5575,Suspended Trillium Flower,Didrianna Winterset,2000,2,2023-09-26T03:07:45.000Z,https://universalis.app/market/5575
2056,Bone Brand,Alphiknows Your-sins,10000,1,2023-09-24T12:49:55.000Z,https://universalis.app/market/2056
5197,Marbled Eye,Cheeky Peaches,2500,1,2023-10-14T06:46:00.000Z,https://universalis.app/market/5197
2057,Copper Scepter,Drogo Barriot,500,1,2023-10-03T20:37:56.000Z,https://universalis.app/market/2057
5062,Copper Ingot,Ouka Ootori,200,20,2023-10-09T18:34:51.000Z,https://universalis.app/market/5062
2058,Bronze Scepter,D'usian M'dina,2500,1,2023-10-13T21:33:33.000Z,https://universalis.app/market/2058
2059,Brass Cudgel,Moighty Fine,800,1,2023-10-04T12:33:01.000Z,https://universalis.app/market/2059
2061,Decorated Copper Scepter,Illustrious Clyne,19999,1,2023-09-30T14:28:55.000Z,https://universalis.app/market/2061
5258,Ragstone Whetstone,Lucythebates Sr,7002,7,2023-09-19T07:43:12.000Z,https://universalis.app/market/5258
2063,Wind Brand,Tulth Mystflame,9969,1,2023-09-23T00:48:15.000Z,https://universalis.app/market/2063
2069,Silver Scepter,Red Hot,28400000,1,2023-09-24T00:24:07.000Z,https://universalis.app/market/2069
5527,Brimstone,Magnolia Lan,2900,1,2023-10-11T23:02:27.000Z,https://universalis.app/market/5527
2071,Earth Brand,Ceres Midi,1500,1,2023-09-25T21:50:01.000Z,https://universalis.app/market/2071
2076,Decorated Silver Scepter,Araden Yaeldrii,9945,1,2023-09-27T02:03:04.000Z,https://universalis.app/market/2076
2078,Fire Brand,Kinda Chad-ngl,35000,1,2023-10-02T04:24:23.000Z,https://universalis.app/market/2078
2083,Lightning Brand,Eve Vilzz,2000,1,2023-10-01T01:47:00.000Z,https://universalis.app/market/2083
2088,Electrum Scepter,Caitlyn Blackrose,561,1,2023-10-01T05:51:58.000Z,https://universalis.app/market/2088
5489,Quicksilver,Zixion Kharn,150,77,2023-10-01T20:25:25.000Z,https://universalis.app/market/5489
2093,Vintage Cudgel,Amari Mrhys,10000,1,2023-09-20T03:24:24.000Z,https://universalis.app/market/2093
2068,Damaged Cudgel,Sudachi Heimskr,2100,1,2023-09-19T22:38:40.000Z,https://universalis.app/market/2068
5092,Iron Rivets,Jiluna Araxie,1999,3,2023-09-20T23:03:24.000Z,https://universalis.app/market/5092
2094,Water Brand,Samuel Poe,27899,1,2023-09-22T23:08:43.000Z,https://universalis.app/market/2094
2097,Jade Scepter,Patton Thera,11999,1,2023-10-04T11:13:07.000Z,https://universalis.app/market/2097
5168,Jade,Ziggy Yiji,899,8,2023-10-01T10:52:44.000Z,https://universalis.app/market/5168
5439,Ogre Horn,Ms Eldari,500,1,2023-09-19T10:30:46.000Z,https://universalis.app/market/5439
2102,Sanguine Scepter,Dunken Ilsutran,93300,1,2023-10-02T01:04:33.000Z,https://universalis.app/market/2102
5206,Pinprick Pebble,Ms Eldari,499,1,2023-10-05T23:02:57.000Z,https://universalis.app/market/5206
2106,Bone Staff,Fire Ashes,9000,1,2023-10-04T14:33:54.000Z,https://universalis.app/market/2106
2107,Ramhorn Staff,Questra Djt-nong,9000,1,2023-10-15T20:00:49.000Z,https://universalis.app/market/2107
2108,Decorated Bone Staff,Buttered Pancakes,30000,1,2023-09-22T02:49:15.000Z,https://universalis.app/market/2108
5442,Bat Fang,Sofia Firebird,99,3,2023-09-26T03:19:13.000Z,https://universalis.app/market/5442
2109,Toothed Ramhorn Staff,Ishtar Anastasia,19800,1,2023-09-23T23:29:54.000Z,https://universalis.app/market/2109
2111,Staghorn Staff,Celeste Ina,10000,1,2023-09-22T01:31:00.000Z,https://universalis.app/market/2111
2116,Sanguine Horn Staff,Ravyn Thurnstone,2000,1,2023-09-20T19:00:18.000Z,https://universalis.app/market/2116
2118,Toothed Staghorn Staff,Milaen Fyth,5000,1,2023-10-15T01:36:39.000Z,https://universalis.app/market/2118
2121,Goathorn Staff,Vallixia Visserax,12000,1,2023-09-22T07:33:29.000Z,https://universalis.app/market/2121
2123,Toothed Goathorn Staff,Katt Swaws,10000,1,2023-10-13T08:46:25.000Z,https://universalis.app/market/2123
2125,Horn Staff,Kinda Chad-ngl,39999,1,2023-10-02T04:24:45.000Z,https://universalis.app/market/2125
2130,Black Horn Staff,Keilin Harewood,7000,1,2023-09-21T01:29:13.000Z,https://universalis.app/market/2130
2133,Ivory Staff,Ana Mae,39999,1,2023-09-22T00:47:34.000Z,https://universalis.app/market/2133
2136,Giantsgall Longstaff,Zerker Namikaze,1115,1,2023-10-01T20:58:26.000Z,https://universalis.app/market/2136
2139,Astrolabe,Cara Velli,30165,1,2023-09-29T03:26:36.000Z,https://universalis.app/market/2139
5576,Astrolabe Clinometer,Didrianna Winterset,2000,2,2023-09-26T03:08:01.000Z,https://universalis.app/market/5576
2143,Leather Grimoire,Sinister Shadow,5000,1,2023-09-24T00:30:15.000Z,https://universalis.app/market/2143
5380,Maple Log,Strange Mouse,1250,30,2023-10-11T17:04:49.000Z,https://universalis.app/market/5380
5475,Enchanted Copper Ink,Tera Shell,24,1,2023-09-24T16:49:19.000Z,https://universalis.app/market/5475
2144,Maple Picatrix,Alphiknows Your-sins,800,1,2023-10-02T01:41:37.000Z,https://universalis.app/market/2144
2145,Engraved Leather Grimoire,Rory Noire,8000,1,2023-09-24T05:52:02.000Z,https://universalis.app/market/2145
5383,Ash Log,Dietrich Ostendorff,1000,2,2023-10-08T12:00:15.000Z,https://universalis.app/market/5383
2146,Ash Picatrix,Tomoee Gozen,6000,1,2023-10-15T15:30:26.000Z,https://universalis.app/market/2146
2147,Hard Leather Grimoire,Anna Elpida,7000,1,2023-10-10T07:23:09.000Z,https://universalis.app/market/2147
5385,Elm Log,V'yahna Falh,1000,2,2023-09-24T11:40:09.000Z,https://universalis.app/market/5385
5476,Enchanted Iron Ink,Deywisvader Dark,200,3,2023-09-19T01:38:32.000Z,https://universalis.app/market/5476
2149,Engraved Hard Leather Grimoire,Lord Xyphoos,10000,1,2023-09-24T01:46:38.000Z,https://universalis.app/market/2149
5386,Yew Log,Axel Asterale,499,93,2023-09-24T04:24:06.000Z,https://universalis.app/market/5386
2151,Yew Picatrix,Ume Chorrynth,14888,1,2023-10-12T01:17:47.000Z,https://universalis.app/market/2151
2156,Goatskin Grimoire,Samuel Poe,15000,1,2023-09-19T08:39:01.000Z,https://universalis.app/market/2156
5477,Enchanted Silver Ink,Lovely Bloodrose,7999,3,2023-09-30T03:20:06.000Z,https://universalis.app/market/5477
2160,Engraved Goatskin Grimoire,Nori Matsutake,3800,1,2023-09-23T21:58:01.000Z,https://universalis.app/market/2160
5388,Walnut Log,Lofi Toast,1000,2,2023-10-05T01:21:15.000Z,https://universalis.app/market/5388
2166,Book of Silver,Ash Mori,19999,1,2023-10-08T13:06:09.000Z,https://universalis.app/market/2166
5390,Oak Log,Igeyorrhm Of-rhetoric,489,99,2023-10-15T12:56:25.000Z,https://universalis.app/market/5390
2169,Embossed Book of Silver,Chimes Fluffle,24999,1,2023-09-29T20:09:29.000Z,https://universalis.app/market/2169
2174,Book of Mythril,Kaelyn Aelys,12084,1,2023-09-30T02:46:56.000Z,https://universalis.app/market/2174
5346,Flax,Luna Moonshine,2120,9,2023-10-10T01:49:22.000Z,https://universalis.app/market/5346
5478,Enchanted Mythril Ink,Xilia Vield,6000,5,2023-09-21T03:16:36.000Z,https://universalis.app/market/5478
2184,Vintage Picatrix,Adrianna Richard,14000,1,2023-09-23T17:22:42.000Z,https://universalis.app/market/2184
2158,Brittle Picatrix,Clem Fan'dango,6044,1,2023-10-07T22:59:43.000Z,https://universalis.app/market/2158
2185,Book of Electrum,Suzuki Mitsuo,14000,1,2023-10-06T16:11:12.000Z,https://universalis.app/market/2185
5337,Woolen Yarn,Crathos Dragoon,2999,2,2023-09-22T02:31:35.000Z,https://universalis.app/market/5337
5393,Rosewood Log,Ra Zetzy,500,10,2023-10-14T22:26:23.000Z,https://universalis.app/market/5393
5479,Enchanted Electrum Ink,Paine-of Void,1500,1,2023-09-23T10:01:58.000Z,https://universalis.app/market/5479
2189,Embossed Book of Electrum,Amaretto Tort,8500,1,2023-09-30T19:47:58.000Z,https://universalis.app/market/2189
2193,Cantamina Thavnaria,Where'smy Tia,3500,1,2023-10-12T11:17:25.000Z,https://universalis.app/market/2193
5481,Enchanted Rose Gold Ink,Zaya Zee,18991,1,2023-10-06T15:32:58.000Z,https://universalis.app/market/5481
7586,Weathered Tome,Venec Sauveterre,87,1,2023-10-05T00:30:14.000Z,https://universalis.app/market/7586
2194,Medica Thavnaria,Where'smy Tia,3850,1,2023-10-12T11:19:43.000Z,https://universalis.app/market/2194
2201,Erudite's Picatrix of Healing,Rumi Levkoi,99800,1,2023-10-01T19:08:25.000Z,https://universalis.app/market/2201
5480,Enchanted Gold Ink,Cel Dazkar,4800,1,2023-10-01T04:38:26.000Z,https://universalis.app/market/5480
5569,Bloody Grimoire Binding,Lumina Celest,10000,1,2023-09-19T01:27:52.000Z,https://universalis.app/market/5569
2202,Erudite's Picatrix of Casting,Ryukuzo Wintersoul,91600,1,2023-09-24T19:10:27.000Z,https://universalis.app/market/2202
2211,Deus Ex Verbis,Haya Wynter,2743,1,2023-10-01T22:50:50.000Z,https://universalis.app/market/2211
5338,Silk Thread,Yuki Rena,2500,1,2023-10-06T20:13:54.000Z,https://universalis.app/market/5338
2212,Deus Ex Gratia,Natlus Caelum,9693,1,2023-09-19T08:27:11.000Z,https://universalis.app/market/2212
2219,Square Maple Shield,Iso Flurane,2000,1,2023-09-27T18:33:26.000Z,https://universalis.app/market/2219
5091,Bronze Rivets,Mika Lawrence,555,1,2023-10-08T14:25:05.000Z,https://universalis.app/market/5091
12524,Titanium Nugget,Paz Khatayin,9002,1,2023-10-15T11:16:53.000Z,https://universalis.app/market/12524
12529,Titanium Rivets,Hexhera Rayne,30007,4,2023-10-11T00:41:02.000Z,https://universalis.app/market/12529
12658,Dusk Leather,Blue Nova,429999,1,2023-09-20T01:58:55.000Z,https://universalis.app/market/12658
2226,Bronze Hoplon,Juicy Iryut,14000,1,2023-09-26T20:37:53.000Z,https://universalis.app/market/2226
5071,Bronze Plate,Sumi Venphe,900,1,2023-10-11T02:13:54.000Z,https://universalis.app/market/5071
2228,Round Shield,Nheu Nelhah,1004,1,2023-09-21T06:53:00.000Z,https://universalis.app/market/2228
2229,Leather Targe,Mr Mattattack,5000,1,2023-10-06T22:57:29.000Z,https://universalis.app/market/2229
2230,Bronze Scutum,Elidyr Nix,1500,1,2023-09-20T06:17:36.000Z,https://universalis.app/market/2230
2231,Bronze Buckler,Boy Moder,3000,1,2023-10-06T20:11:41.000Z,https://universalis.app/market/2231
2233,Square Ash Shield,Tzuki Naomi,2000,1,2023-09-29T00:58:29.000Z,https://universalis.app/market/2233
2236,Iron Hoplon,Sasha Shadowpaw,40000,1,2023-10-08T21:05:49.000Z,https://universalis.app/market/2236
2238,Vintage Square Shield,Vadoma Kymenos,34000,1,2023-09-25T16:08:29.000Z,https://universalis.app/market/2238
4859,Cider Vinegar,Petra Sagolaris,89,25,2023-09-21T07:28:46.000Z,https://universalis.app/market/4859
2239,Ironclad Bronze Buckler,Beth Sidoney,700,1,2023-09-25T03:54:01.000Z,https://universalis.app/market/2239
2241,Iron Lantern Shield,Samson Hassan,31118,1,2023-09-28T19:59:04.000Z,https://universalis.app/market/2241
5998,Tallow Candle,Naomi Brightstone,5000,3,2023-10-12T01:39:15.000Z,https://universalis.app/market/5998
2242,Iron Scutum,Small Princess,10000,1,2023-09-28T13:44:13.000Z,https://universalis.app/market/2242
2244,Vintage Hoplon,Mahalath Bloodmoon,35000,1,2023-09-27T03:12:26.000Z,https://universalis.app/market/2244
2225,Tarnished Hoplon,Gurann Natsu,14995,1,2023-10-07T10:21:38.000Z,https://universalis.app/market/2225
2246,Viper-crested Round Shield,Themis Appleslices,12000,1,2023-10-11T22:16:52.000Z,https://universalis.app/market/2246
2248,Iron Kite Shield,Cpt Puddingcup,500,1,2023-09-20T09:40:45.000Z,https://universalis.app/market/2248
2250,Goatskin Targe,Sugarbear Kookiez,3000,1,2023-10-11T09:34:15.000Z,https://universalis.app/market/2250
5093,Steel Rivets,Svydyr Fraewyn,4000,2,2023-09-22T20:14:38.000Z,https://universalis.app/market/5093
2257,Bull Hoplon,Sobra Ironmane,15000,1,2023-10-01T21:49:17.000Z,https://universalis.app/market/2257
2260,Decorated Buckler,Azmok Kenesios,20000,1,2023-10-11T00:47:02.000Z,https://universalis.app/market/2260
2262,Decorated Iron Scutum,Sobra Ironmane,24000,1,2023-10-03T15:19:40.000Z,https://universalis.app/market/2262
2264,Vintage Buckler,Runaway Retainer,15000,1,2023-09-20T05:54:42.000Z,https://universalis.app/market/2264
2268,Bladed Lantern Shield,Mera T'sovya,15000,1,2023-09-23T04:54:05.000Z,https://universalis.app/market/2268
2270,Raptorskin Targe,Lord Xyphoos,42000,1,2023-09-24T01:08:52.000Z,https://universalis.app/market/2270
5099,Mythril Rivets,Kurai Tsubasa,5000,10,2023-09-23T04:50:48.000Z,https://universalis.app/market/5099
2232,Rusting Scutum,Lunelle Lavigne,8888,1,2023-09-19T05:06:12.000Z,https://universalis.app/market/2232
2279,Cobalt Scutum,Koorime Yuki,10032,1,2023-10-03T20:55:05.000Z,https://universalis.app/market/2279
5094,Cobalt Rivets,Oniki Kardama,5000,2,2023-10-14T23:14:35.000Z,https://universalis.app/market/5094
2287,Eagle-crested Round Shield,Minight Yamato,20000,1,2023-10-03T17:51:14.000Z,https://universalis.app/market/2287
2289,Vintage Round Shield,Sen'ku Fenris,30000,1,2023-09-28T15:05:03.000Z,https://universalis.app/market/2289
5228,Ragstone,Ibram Fairclough,999,1,2023-10-07T23:48:36.000Z,https://universalis.app/market/5228
5517,Lanolin,Aitch Bar,767,1,2023-10-07T06:59:59.000Z,https://universalis.app/market/5517
2296,Cobalt Bladed Lantern Shield,Olvir Amarya,11000,1,2023-10-07T03:40:49.000Z,https://universalis.app/market/2296
2298,Oxblood Targe,Jaylean Bryant,89999,1,2023-10-01T20:01:21.000Z,https://universalis.app/market/2298
2302,Darksteel Scutum,Ravyn Thurnstone,7999,1,2023-09-22T12:49:08.000Z,https://universalis.app/market/2302
5060,Darksteel Ingot,Aziel Yotsune,12003,1,2023-09-28T18:22:05.000Z,https://universalis.app/market/5060
5095,Darksteel Rivets,Delby Tate,5000,99,2023-09-21T00:31:05.000Z,https://universalis.app/market/5095
2303,Darksteel Buckler,Mookite Argos,2030,1,2023-10-05T18:53:57.000Z,https://universalis.app/market/2303
2304,Spruce Round Shield,Reiko Staru,1500,1,2023-10-11T18:39:09.000Z,https://universalis.app/market/2304
5379,Treated Spruce Lumber,Truly'a Whiteclaw,15000,1,2023-09-19T12:51:37.000Z,https://universalis.app/market/5379
2315,Bronze Saw,Vylette Valentine,5000,1,2023-10-04T05:37:37.000Z,https://universalis.app/market/2315
2316,Amateur's Saw,Me-and Meatball,5000,1,2023-10-05T22:07:45.000Z,https://universalis.app/market/2316
2317,Chocobotail Saw,Xander Rubus,3790,1,2023-09-28T15:55:45.000Z,https://universalis.app/market/2317
2318,Initiate's Saw,Bunnbun Neph,15018,1,2023-09-21T18:30:04.000Z,https://universalis.app/market/2318
2320,Iron Chocobotail Saw,Juicy Iryut,3000,1,2023-09-26T01:35:41.000Z,https://universalis.app/market/2320
2322,Crosscut Saw,Luulibur Beltruski,6500,1,2023-09-30T16:00:20.000Z,https://universalis.app/market/2322
2323,Mythril Saw,Orwen Maddock,4000,1,2023-10-16T03:10:38.000Z,https://universalis.app/market/2323
2324,Mythril Chocobotail Saw,Marceline Yuri,5092,1,2023-10-16T06:26:51.000Z,https://universalis.app/market/2324
2325,Bas-relief Cobalt Saw,Rejykt Mirage,65000,1,2023-10-10T21:46:16.000Z,https://universalis.app/market/2325
2328,Amateur's Claw Hammer,White Coral,1900,1,2023-10-10T03:35:16.000Z,https://universalis.app/market/2328
2329,Bronze Claw Hammer,Sumire Yumitorie,3979,1,2023-09-20T05:56:50.000Z,https://universalis.app/market/2329
2331,Iron Claw Hammer,Raikkuma Rikkityfrikk,10550,1,2023-10-09T01:35:59.000Z,https://universalis.app/market/2331
5483,Jellyfish Humours,Pugdog Hoover,2000,1,2023-09-20T17:37:06.000Z,https://universalis.app/market/5483
2332,Initiate's Claw Hammer,Xander Rubus,1026,1,2023-09-28T15:55:36.000Z,https://universalis.app/market/2332
2334,Steel Claw Hammer,Juicy Iryut,15000,1,2023-10-05T12:50:42.000Z,https://universalis.app/market/2334
2335,Wrapped Steel Claw Hammer,Lucythebates Sr,31000,1,2023-09-19T05:56:08.000Z,https://universalis.app/market/2335
5485,Linseed Oil,Tabi Yuki,3500,1,2023-09-23T18:35:00.000Z,https://universalis.app/market/5485
2338,Cobalt Claw Hammer,Stratus Wormwood,24995,1,2023-10-09T21:21:21.000Z,https://universalis.app/market/2338
2339,Militia Claw Hammer,Linea Aesa,24000,1,2023-09-21T01:16:09.000Z,https://universalis.app/market/2339
2341,Bronze Cross-pein Hammer,Potato Plato,10000,1,2023-09-24T02:33:31.000Z,https://universalis.app/market/2341
2342,Amateur's Cross-pein Hammer,Mem Donostein,2980,1,2023-10-06T18:42:54.000Z,https://universalis.app/market/2342
2343,Birdsbeak Hammer,Forseti Eckesachs,125,1,2023-09-30T17:44:16.000Z,https://universalis.app/market/2343
5325,Undyed Cotton Cloth,Sonicanees Soji,10000,1,2023-10-13T15:25:14.000Z,https://universalis.app/market/5325
2344,Iron Cross-pein Hammer,Kiiro Tenshi,50000,1,2023-09-23T17:29:17.000Z,https://universalis.app/market/2344
2346,Crowsbeak Hammer,Idont Likefurries,10000,1,2023-10-10T07:41:24.000Z,https://universalis.app/market/2346
2347,Heavy Crowsbeak Hammer,Jake'from Statefarm,30,1,2023-10-05T02:33:13.000Z,https://universalis.app/market/2347
2348,Steel Cross-pein Hammer,Fisk Southway,51,1,2023-09-19T20:33:01.000Z,https://universalis.app/market/2348
5326,Undyed Velveteen,Frankstral Stasis,7000,2,2023-09-27T05:44:53.000Z,https://universalis.app/market/5326
2349,Steel Crowsbeak Hammer,Anaximander Aletheia,45000,1,2023-09-25T11:41:38.000Z,https://universalis.app/market/2349
2350,Wrapped Crowsbeak Hammer,Raikkuma Rikkityfrikk,40000,1,2023-10-12T05:41:14.000Z,https://universalis.app/market/2350
2351,Cobalt Cross-pein Hammer,Dorys Lanquairt,4500,1,2023-09-20T22:12:05.000Z,https://universalis.app/market/2351
2355,Amateur's File,Questra Djt-nong,500,1,2023-10-11T03:54:10.000Z,https://universalis.app/market/2355
2356,Bronze File,Nebben Eezerscrooge,1000,1,2023-10-14T06:46:14.000Z,https://universalis.app/market/2356
2358,Iron File,Elidyr Nix,5000,1,2023-09-19T03:58:24.000Z,https://universalis.app/market/2358
2359,Initiate's File,Kevv Two,1000000,1,2023-10-11T16:07:25.000Z,https://universalis.app/market/2359
2363,Mythril File,Dorys Lanquairt,30497,1,2023-09-20T22:12:08.000Z,https://universalis.app/market/2363
2364,Cobalt File,Fuu Bunnie,15000,1,2023-09-25T19:45:51.000Z,https://universalis.app/market/2364
2365,Militia File,Keaira Slater,24000,1,2023-09-20T18:15:36.000Z,https://universalis.app/market/2365
2367,Bronze Doming Hammer,Kirbly Durbly,100,1,2023-09-21T19:56:50.000Z,https://universalis.app/market/2367
2368,Amateur's Doming Hammer,Jessa Lee,125,1,2023-10-06T01:15:13.000Z,https://universalis.app/market/2368
2369,Bronze Raising Hammer,Lucythebates Sr,161,1,2023-09-21T15:19:06.000Z,https://universalis.app/market/2369
2370,Iron Doming Hammer,Nyx Umbra,500,1,2023-10-15T13:50:32.000Z,https://universalis.app/market/2370
2371,Initiate's Doming Hammer,Sonicanees Soji,4100,1,2023-10-10T20:21:45.000Z,https://universalis.app/market/2371
2372,Iron Raising Hammer,Mickey Angelo,18998,1,2023-09-23T23:06:51.000Z,https://universalis.app/market/2372
2373,Wrapped Iron Raising Hammer,Lucythebates Sr,8046,1,2023-09-26T15:06:51.000Z,https://universalis.app/market/2373
2374,Steel Doming Hammer,Boy Moder,15000,1,2023-10-06T22:59:32.000Z,https://universalis.app/market/2374
2376,Cobalt Doming Hammer,Iu Iu,7111,1,2023-09-24T09:34:52.000Z,https://universalis.app/market/2376
2377,Cobalt Raising Hammer,Patton Thera,65000,1,2023-10-04T11:16:16.000Z,https://universalis.app/market/2377
2380,Amateur's Pliers,Alphiknows Your-sins,5000,1,2023-09-20T14:59:06.000Z,https://universalis.app/market/2380
2381,Bronze Pliers,Lucythebates Sr,99,1,2023-09-21T06:53:58.000Z,https://universalis.app/market/2381
2383,Iron Pliers,Riu Himuro,14000,1,2023-10-10T20:55:39.000Z,https://universalis.app/market/2383
2384,Initiate's Pliers,Nuticus Maximus,10000,1,2023-09-27T07:45:09.000Z,https://universalis.app/market/2384
2388,Mythril Pliers,Callisto Pendragon,28000,1,2023-09-19T03:42:32.000Z,https://universalis.app/market/2388
2389,Cobalt Pliers,Mochi Peach,10000,1,2023-09-29T18:22:14.000Z,https://universalis.app/market/2389
2390,Militia Pliers,Lordkitten Softpaw,49995,1,2023-10-09T02:42:00.000Z,https://universalis.app/market/2390
2392,Bronze Chaser Hammer,Tikkris Nomstark,500,1,2023-09-26T05:04:25.000Z,https://universalis.app/market/2392
2394,Bronze Ornamental Hammer,Kagome Leonheart,500,1,2023-10-07T21:48:54.000Z,https://universalis.app/market/2394
2395,Iron Chaser Hammer,Rory Noire,19990,1,2023-09-26T15:25:00.000Z,https://universalis.app/market/2395
2396,Initiate's Chaser Hammer,Farren Jarrett,10000,1,2023-10-06T22:32:21.000Z,https://universalis.app/market/2396
2397,Iron Ornamental Hammer,Arkey Yekra,1000,1,2023-09-29T19:00:58.000Z,https://universalis.app/market/2397
2398,Steel Chaser Hammer,Xander Rubus,2999,1,2023-09-26T15:34:59.000Z,https://universalis.app/market/2398
2399,Steel Ornamental Hammer,Lucythebates Sr,500,1,2023-09-29T18:56:05.000Z,https://universalis.app/market/2399
2400,Mythril Ornamental Hammer,Xen Xen,60000,1,2023-10-11T06:59:01.000Z,https://universalis.app/market/2400
2401,Mythril Lapidary Hammer,Matsu Merry,4800,1,2023-10-09T02:38:04.000Z,https://universalis.app/market/2401
2402,Electrum Lapidary Hammer,Forgem Runezten,65000,1,2023-09-26T02:56:47.000Z,https://universalis.app/market/2402
5183,Tourmaline,Leili Kouris,849,2,2023-10-04T22:59:03.000Z,https://universalis.app/market/5183
2405,Amateur's Grinding Wheel,Lucythebates Sr,90,1,2023-09-21T20:21:23.000Z,https://universalis.app/market/2405
2406,Ragstone Grinding Wheel,Lumio Essen,1000,1,2023-09-19T23:53:17.000Z,https://universalis.app/market/2406
2408,Mudstone Grinding Wheel,Ayami Banjo,9500,1,2023-09-21T02:20:52.000Z,https://universalis.app/market/2408
5229,Mudstone,Hesh Wolfsblood,700000,1,2023-09-20T15:42:51.000Z,https://universalis.app/market/5229
2409,Initiate's Grinding Wheel,Nuticus Maximus,10600,1,2023-10-04T18:00:43.000Z,https://universalis.app/market/2409
2411,Siltstone Grinding Wheel,Cpt Puddingcup,34999,1,2023-09-24T06:27:51.000Z,https://universalis.app/market/2411
5231,Siltstone,Ibe Profen,500,3,2023-10-04T19:17:17.000Z,https://universalis.app/market/5231
2413,Garnet Grinding Wheel,Imali Gregory,38000,1,2023-10-10T12:47:50.000Z,https://universalis.app/market/2413
5134,Raw Garnet,Scarlet Evaryss,100,1,2023-09-29T06:09:54.000Z,https://universalis.app/market/5134
2414,Basilisk Grinding Wheel,Potato Plato,65000,1,2023-09-25T00:18:13.000Z,https://universalis.app/market/2414
5263,Basilisk Egg,Cerine Samorn,884,10,2023-09-19T17:24:19.000Z,https://universalis.app/market/5263
2415,Militia Grinding Wheel,Jake'from Statefarm,20000,1,2023-10-02T01:56:22.000Z,https://universalis.app/market/2415
5158,Astral Rock,S'ndae Kiyeh,80,2,2023-09-19T09:09:49.000Z,https://universalis.app/market/5158
2417,Bronze Head Knife,Xander Rubus,3250,1,2023-09-22T21:33:05.000Z,https://universalis.app/market/2417
2418,Amateur's Head Knife,Inanna Tenshi,4009,1,2023-10-10T19:50:40.000Z,https://universalis.app/market/2418
2419,Brass Head Knife,Penguin Tree,10000,1,2023-09-22T17:05:03.000Z,https://universalis.app/market/2419
2420,Initiate's Head Knife,Niniro Kurogane,22500,1,2023-09-19T21:42:23.000Z,https://universalis.app/market/2420
2421,Iron Round Knife,Xander Rubus,5000,1,2023-09-22T21:33:40.000Z,https://universalis.app/market/2421
2422,Iron Head Knife,Tzuki Naomi,15000,1,2023-10-11T07:35:02.000Z,https://universalis.app/market/2422
2423,Silver Head Knife,Aieny Celenovia,4500,1,2023-09-24T22:10:27.000Z,https://universalis.app/market/2423
2424,Steel Round Knife,Xander Rubus,4450,1,2023-09-22T21:34:10.000Z,https://universalis.app/market/2424
2425,Mythril Head Knife,Darkheart Syn,50000,1,2023-09-22T14:40:03.000Z,https://universalis.app/market/2425
2426,Mythril Round Knife,Xander Rubus,4083,1,2023-09-22T21:34:24.000Z,https://universalis.app/market/2426
2427,Electrum Head Knife,Vuln Collector,65000,1,2023-10-06T01:13:59.000Z,https://universalis.app/market/2427
2430,Amateur's Awl,Xander Rubus,500,1,2023-09-22T21:32:53.000Z,https://universalis.app/market/2430
2431,Bronze Awl,Kirbly Durbly,4000,1,2023-10-07T05:02:23.000Z,https://universalis.app/market/2431
2433,Iron Awl,Ishtar Anastasia,15000,1,2023-09-23T06:11:32.000Z,https://universalis.app/market/2433
2434,Initiate's Awl,Retroactive Augury,10000,1,2023-10-03T22:31:28.000Z,https://universalis.app/market/2434
2436,Steel Awl,Earl Flatpants,20000,1,2023-09-19T04:16:07.000Z,https://universalis.app/market/2436
2440,Cobalt Awl,Kameko Oblivion,15000,1,2023-09-26T08:41:30.000Z,https://universalis.app/market/2440
2443,Copper Needle,Nell Higgins,4000,1,2023-09-24T08:30:00.000Z,https://universalis.app/market/2443
2444,Bat Fang Needle,Luna Moonshine,3000,1,2023-09-29T16:44:38.000Z,https://universalis.app/market/2444
2446,Brass Needle,Ry'neuth Keki,10000,1,2023-09-29T22:30:08.000Z,https://universalis.app/market/2446
2448,Silver Needle,Akari Sara,250,1,2023-10-06T01:30:47.000Z,https://universalis.app/market/2448
2449,Worm Fang Needle,Grass Cake,24800,1,2023-09-24T17:55:54.000Z,https://universalis.app/market/2449
5447,Sandworm Fang,Feliski Spaghettini,150,99,2023-09-19T22:13:31.000Z,https://universalis.app/market/5447
2451,Wolf Fang Needle,Nuticus Maximus,20000,1,2023-10-04T14:53:43.000Z,https://universalis.app/market/2451
2452,Thousand Needle,Akari Sara,20000,1,2023-10-06T02:10:18.000Z,https://universalis.app/market/2452
5468,Cactuar Needle,Helo Robinson,350000,1,2023-10-11T18:08:31.000Z,https://universalis.app/market/5468
2453,Electrum Needle,Ruze Edalgna,8888,1,2023-09-21T03:32:43.000Z,https://universalis.app/market/2453
2456,Amateur's Spinning Wheel,Juicy Iryut,2400,1,2023-09-19T23:12:01.000Z,https://universalis.app/market/2456
2457,Ash Spinning Wheel,Mochi Peach,900,1,2023-09-26T02:21:20.000Z,https://universalis.app/market/2457
2459,Initiate's Spinning Wheel,Mika Lawrence,4000,1,2023-10-03T11:09:33.000Z,https://universalis.app/market/2459
2460,Elm Spinning Wheel,Rothe Gateau,10000,1,2023-10-06T04:05:53.000Z,https://universalis.app/market/2460
2462,Walnut Spinning Wheel,Xander Rubus,6000,1,2023-09-27T16:01:59.000Z,https://universalis.app/market/2462
2464,Mahogany Spinning Wheel,Rhan Arda,27000,1,2023-10-13T19:36:30.000Z,https://universalis.app/market/2464
2465,Rosewood Spinning Wheel,Leatrix Blackbird,35000,1,2023-10-04T21:00:11.000Z,https://universalis.app/market/2465
2466,Militia Spinning Wheel,Linea Aesa,23894,1,2023-09-21T01:22:53.000Z,https://universalis.app/market/2466
2468,Bronze Alembic,New Lierfan,125000,1,2023-10-14T21:50:08.000Z,https://universalis.app/market/2468
2469,Amateur's Alembic,Elora Balro,1009,1,2023-09-25T01:41:32.000Z,https://universalis.app/market/2469
2470,Brass Alembic,Tzuki Naomi,3000,1,2023-10-02T06:56:56.000Z,https://universalis.app/market/2470
2471,Initiate's Alembic,Lucythebates Sr,3000,1,2023-09-29T06:00:49.000Z,https://universalis.app/market/2471
2472,Iron Alembic,Shin Takeru,5000,1,2023-09-23T18:13:05.000Z,https://universalis.app/market/2472
2473,Conical Alembic,Estelle Ceres,28950,1,2023-09-25T22:37:28.000Z,https://universalis.app/market/2473
2474,Steel Alembic,Sugarbear Kookiez,10000,1,2023-10-08T09:12:34.000Z,https://universalis.app/market/2474
2475,Silver Alembic,Saheeli Rai,3000,1,2023-10-01T18:19:07.000Z,https://universalis.app/market/2475
2476,Mythril Alembic,Gwen Gria,35000,1,2023-09-22T10:45:43.000Z,https://universalis.app/market/2476
2477,Electrum Alembic,Azaelea Selidron,39000,1,2023-10-06T15:29:27.000Z,https://universalis.app/market/2477
2478,Thermal Alembic,Oberon Yllavaris,34950,1,2023-10-06T12:58:06.000Z,https://universalis.app/market/2478
2481,Amateur's Mortar,Nebben Eezerscrooge,995,1,2023-10-06T23:16:27.000Z,https://universalis.app/market/2481
2482,Bronze Mortar,Penguin Tree,7,1,2023-09-19T18:24:58.000Z,https://universalis.app/market/2482
2484,Iron Mortar,Zumie Zhwan,1000,1,2023-09-21T13:02:41.000Z,https://universalis.app/market/2484
2485,Initiate's Mortar,Aka Numine,1300,1,2023-09-28T17:22:13.000Z,https://universalis.app/market/2485
2487,Steel Mortar,Greenpea Soup,10000,1,2023-09-21T19:20:30.000Z,https://universalis.app/market/2487
2491,Cobalt Mortar,Fallon Starbreeze,15000,1,2023-09-25T02:14:50.000Z,https://universalis.app/market/2491
2492,Militia Mortar,Oquar Stillwater,40000,1,2023-10-05T09:10:34.000Z,https://universalis.app/market/2492
2494,Bronze Skillet,Potato Plato,10000,1,2023-10-14T02:04:28.000Z,https://universalis.app/market/2494
2495,Amateur's Skillet,Elidyr Nix,3157,1,2023-09-28T13:56:23.000Z,https://universalis.app/market/2495
2497,Initiate's Skillet,Blast'a Masta,3000,1,2023-09-28T20:08:47.000Z,https://universalis.app/market/2497
2498,Iron Frypan,Kinael Kay',11126,1,2023-10-12T02:04:57.000Z,https://universalis.app/market/2498
2499,Bomb Frypan,Ouka Ootori,2250,1,2023-09-25T20:33:31.000Z,https://universalis.app/market/2499
5528,Bomb Ash,Akemiko Ishikama,300,1,2023-09-25T07:18:05.000Z,https://universalis.app/market/5528
2501,White Skillet,V' V',6000,1,2023-10-09T20:20:45.000Z,https://universalis.app/market/2501
2502,Steel Frypan,Ruze Edalgna,39999,1,2023-09-19T13:01:16.000Z,https://universalis.app/market/2502
2503,Cobalt Skillet,Lucythebates Sr,20000,1,2023-09-21T23:39:09.000Z,https://universalis.app/market/2503
2504,Hells' Kitchen,Aytha Adarkhem,30000,1,2023-09-19T22:13:47.000Z,https://universalis.app/market/2504
2507,Amateur's Culinary Knife,Inaya Kharlu,6000,1,2023-10-09T12:51:30.000Z,https://universalis.app/market/2507
2508,Bronze Culinary Knife,Retroactive Augury,5000,1,2023-10-04T08:17:37.000Z,https://universalis.app/market/2508
2510,Iron Culinary Knife,Ganondorf Dragmire-,20000,1,2023-10-12T00:25:49.000Z,https://universalis.app/market/2510
2511,Initiate's Culinary Knife,Kinael Kay',15000,1,2023-10-12T02:04:44.000Z,https://universalis.app/market/2511
2513,Steel Culinary Knife,Ashedar Deroso,21700,1,2023-10-08T00:44:06.000Z,https://universalis.app/market/2513
2516,Mythril Culinary Knife,Ashedar Deroso,10000,1,2023-10-12T23:29:28.000Z,https://universalis.app/market/2516
2518,Militia Culinary Knife,Lucythebates Sr,49899,1,2023-09-22T00:31:40.000Z,https://universalis.app/market/2518
2520,Bronze Pickaxe,Xeniya Wolven,4750,1,2023-10-15T08:07:11.000Z,https://universalis.app/market/2520
2521,Amateur's Pickaxe,Daedalus Icarian,4500,1,2023-09-23T11:59:58.000Z,https://universalis.app/market/2521
2522,Plumed Bronze Pickaxe,Tzuki Naomi,5000,1,2023-10-02T06:56:35.000Z,https://universalis.app/market/2522
2523,Iron Pickaxe,Neko Sam,15000,1,2023-10-07T06:51:08.000Z,https://universalis.app/market/2523
2524,Initiate's Pickaxe,Zaen Midlandian,20000,1,2023-10-02T01:01:59.000Z,https://universalis.app/market/2524
2525,Iron Dolabra,Ruze Edalgna,10030,1,2023-09-19T22:52:29.000Z,https://universalis.app/market/2525
2526,Steel Pickaxe,Yennefer Lafeye,2500,1,2023-10-10T17:58:59.000Z,https://universalis.app/market/2526
2527,Steel Dolabra,Whiskerwall Mogborne,20000,1,2023-10-08T16:12:13.000Z,https://universalis.app/market/2527
2528,Plumed Mythril Pickaxe,Mimi Kyuii,35000,1,2023-10-05T21:37:14.000Z,https://universalis.app/market/2528
5327,Undyed Linen,Zoey Knight,5000,2,2023-10-11T03:52:03.000Z,https://universalis.app/market/5327
2529,Cobalt Dolabra,Crisp Lettuce,62900,1,2023-10-04T10:02:53.000Z,https://universalis.app/market/2529
2530,Egret Dolabra,Sofia Firebird,64600,1,2023-10-10T23:50:01.000Z,https://universalis.app/market/2530
2534,Bronze Sledgehammer,Anne Honey,5000,1,2023-10-01T04:14:27.000Z,https://universalis.app/market/2534
2536,Initiate's Sledgehammer,Mistickle Lala,12000,1,2023-10-12T03:06:01.000Z,https://universalis.app/market/2536
2537,Iron Sledgehammer,Juicy Iryut,22000,1,2023-09-24T12:07:09.000Z,https://universalis.app/market/2537
2539,Steel Sledgehammer,Ruze Edalgna,50000,1,2023-09-21T15:34:38.000Z,https://universalis.app/market/2539
2540,Wrapped Steel Sledgehammer,Ramu Silly,15000,1,2023-09-20T02:16:22.000Z,https://universalis.app/market/2540
2542,Mythril Sledgehammer,Iu Iu,40000,1,2023-09-24T09:34:26.000Z,https://universalis.app/market/2542
2543,Cobalt Sledgehammer,Sidrat Svatos,3000,1,2023-10-10T22:54:50.000Z,https://universalis.app/market/2543
2544,Militia Sledgehammer,Venti Sus,23999,1,2023-09-19T06:44:11.000Z,https://universalis.app/market/2544
2546,Bronze Hatchet,Erich Bunios,5000,1,2023-09-30T21:12:58.000Z,https://universalis.app/market/2546
2547,Amateur's Hatchet,Amati Amour,16999,1,2023-09-30T04:09:22.000Z,https://universalis.app/market/2547
2548,Iron Hatchet,Kaede Natsumi,8888,1,2023-09-30T02:00:16.000Z,https://universalis.app/market/2548
2549,Initiate's Hatchet,Lwan Sky,15999,1,2023-09-27T01:52:56.000Z,https://universalis.app/market/2549
2550,Brass Hatchet,Rory Noire,16250,1,2023-09-25T00:39:54.000Z,https://universalis.app/market/2550
2551,Plumed Iron Hatchet,Baito Muncha,30000,1,2023-10-04T19:44:13.000Z,https://universalis.app/market/2551
5359,Chocobo Feather,Auriell Daris,5000,4,2023-10-14T20:09:16.000Z,https://universalis.app/market/5359
2552,Steel Hatchet,Lavender Rose,40053,1,2023-10-09T00:24:21.000Z,https://universalis.app/market/2552
2553,Plumed Steel Hatchet,Jake'from Statefarm,15000,1,2023-09-24T09:47:59.000Z,https://universalis.app/market/2553
2554,Mythril Hatchet,Joe Mods,22500,1,2023-10-09T18:28:53.000Z,https://universalis.app/market/2554
2555,Cobalt Hatchet,Ash Brogen,50086,1,2023-10-06T00:35:29.000Z,https://universalis.app/market/2555
2556,Horned Hatchet,Vuln Collector,65000,1,2023-10-08T06:07:49.000Z,https://universalis.app/market/2556
2560,Bronze Scythe,So Ad,5000,1,2023-10-06T05:52:03.000Z,https://universalis.app/market/2560
2563,Initiate's Scythe,Juicy Iryut,12000,1,2023-09-24T22:41:05.000Z,https://universalis.app/market/2563
2565,Steel Scythe,Ryukuzo Wintersoul,8000,1,2023-10-11T15:48:52.000Z,https://universalis.app/market/2565
2568,Mythril Scythe,Mickey Angelo,30000,1,2023-09-24T18:53:31.000Z,https://universalis.app/market/2568
2569,Cobalt Scythe,Ruze Edalgna,49999,1,2023-09-22T02:25:53.000Z,https://universalis.app/market/2569
2570,Militia Scythe,Qingfu Yevven,35995,1,2023-10-05T23:38:14.000Z,https://universalis.app/market/2570
2572,Maple Fishing Rod,Kellen Sidious,4000,1,2023-09-20T00:50:50.000Z,https://universalis.app/market/2572
2573,Amateur's Fishing Rod,Tzuki Naomi,1111,1,2023-09-23T22:27:30.000Z,https://universalis.app/market/2573
2574,Elm Fishing Rod,Nuticus Maximus,20000,1,2023-09-19T23:26:14.000Z,https://universalis.app/market/2574
2575,Initiate's Fishing Rod,Ruze Edalgna,10000,1,2023-09-21T13:41:44.000Z,https://universalis.app/market/2575
2576,Yew Fishing Rod,Hephaestus Forge-god,28000,1,2023-09-19T19:21:58.000Z,https://universalis.app/market/2576
2577,Staghorn Fishing Rod,Ishtar Anastasia,2000,1,2023-10-08T19:12:06.000Z,https://universalis.app/market/2577
2578,Walnut Fishing Rod,Hibikase Hatsune,20000,1,2023-09-19T22:31:11.000Z,https://universalis.app/market/2578
2579,Horn Fishing Rod,V' V',7500,1,2023-10-08T20:11:19.000Z,https://universalis.app/market/2579
2580,Mahogany Fishing Rod,Matsu Merry,30000,1,2023-10-15T07:27:17.000Z,https://universalis.app/market/2580
2581,Rosewood Fishing Rod,Arya Templarii,20000,1,2023-10-13T09:08:13.000Z,https://universalis.app/market/2581
2582,Gilded Rosewood Fishing Rod,Angel Black,40000,1,2023-10-08T15:51:54.000Z,https://universalis.app/market/2582
2588,Crayfish Ball,Kitaranas Kravenfeld,50,99,2023-10-07T13:44:49.000Z,https://universalis.app/market/2588
4825,Rye Flour,Josie Exotic,1000,15,2023-09-23T06:24:14.000Z,https://universalis.app/market/4825
4925,Crayfish,Sokou Unzan,1000,20,2023-10-14T19:10:16.000Z,https://universalis.app/market/4925
2589,Goby Ball,Oceania Juna,89,57,2023-09-29T05:45:16.000Z,https://universalis.app/market/2589
4931,Dusk Goby,Mirabelle Bees,500,2,2023-09-29T23:22:33.000Z,https://universalis.app/market/4931
2593,Crab Ball,Reckless Badgersan,99,99,2023-09-24T21:35:47.000Z,https://universalis.app/market/2593
4880,Helmet Crab,Ibram Fairclough,4500,3,2023-10-08T00:35:32.000Z,https://universalis.app/market/4880
2595,Bass Ball,Xter Sea,4,50,2023-10-06T02:27:24.000Z,https://universalis.app/market/2595
4826,Sunset Wheat Flour,Lucythebates Sr,300,10,2023-09-21T20:59:37.000Z,https://universalis.app/market/4826
4959,Dark Bass,Likol Newesfve,3000,1,2023-09-25T15:11:14.000Z,https://universalis.app/market/4959
4895,Indigo Herring,Ruze Edalgna,1500,1,2023-09-19T03:16:53.000Z,https://universalis.app/market/4895
2610,Chocobo Fly,Reckless Badgersan,200,40,2023-09-25T02:19:27.000Z,https://universalis.app/market/2610
2611,Floating Minnow,Liminal Space,38,30,2023-09-25T08:25:54.000Z,https://universalis.app/market/2611
2612,Brass Spoon Lure,Harlin Xzavis,199,99,2023-09-21T02:47:19.000Z,https://universalis.app/market/2612
2614,Crow Fly,Vern Valentine,300,20,2023-09-25T04:53:14.000Z,https://universalis.app/market/2614
2616,Steel Jig,Nikka Megami,499,8,2023-09-20T04:24:01.000Z,https://universalis.app/market/2616
2617,Sinking Minnow,Reckless Badgersan,3000,5,2023-09-25T02:19:03.000Z,https://universalis.app/market/2617
2618,Snurble Fly,Reaver Rose,3000,5,2023-09-20T01:37:43.000Z,https://universalis.app/market/2618
5349,Snurble Tufts,Aieny Celenovia,1001,2,2023-10-09T06:43:54.000Z,https://universalis.app/market/5349
2619,Heavy Steel Jig,Amunaptra Atem,3000,5,2023-09-19T08:30:46.000Z,https://universalis.app/market/2619
2620,Spinner,Yeji Dorro,3000,5,2023-09-23T22:01:11.000Z,https://universalis.app/market/2620
4900,Whitelip Oyster,Surana Kyrain,8500,1,2023-10-10T03:43:48.000Z,https://universalis.app/market/4900
2622,Mythril Spoon Lure,Jeanna Starfoot,390,2,2023-09-30T12:05:56.000Z,https://universalis.app/market/2622
2623,Wildfowl Fly,Demi Fraust,444,1,2023-09-20T05:04:42.000Z,https://universalis.app/market/2623
2624,Topwater Frog,Fubuki Tenjoin,3000,5,2023-09-25T03:35:00.000Z,https://universalis.app/market/2624
2625,Rainbow Spoon Lure,Gus Humongous,2222,1,2023-09-19T01:46:55.000Z,https://universalis.app/market/2625
5466,Blacklip Oyster,Warrick Appleton,3995,1,2023-09-25T12:06:40.000Z,https://universalis.app/market/5466
2626,Spinnerbait,Rabanastre Damcyan,5000,5,2023-09-25T19:58:23.000Z,https://universalis.app/market/2626
5329,Undyed Felt,Etho Sensei,9000,1,2023-09-22T03:41:24.000Z,https://universalis.app/market/5329
2627,Streamer,Cat Name,3000,1,2023-09-22T21:06:58.000Z,https://universalis.app/market/2627
2628,Yumizuno,Lily Lunari,4500,99,2023-10-07T04:49:09.000Z,https://universalis.app/market/2628
2629,Hempen Coif,Clown Chan,100000000,1,2023-09-28T15:48:47.000Z,https://universalis.app/market/2629
2630,Hempen Coif of Gathering,Rory Noire,9002,1,2023-09-26T14:17:37.000Z,https://universalis.app/market/2630
2631,Leather Calot,Lucythebates Sr,99000,1,2023-09-20T15:58:04.000Z,https://universalis.app/market/2631
12590,Ramie Cloth,Alex Weytens,9001,1,2023-09-23T23:38:42.000Z,https://universalis.app/market/12590
12595,Ramie Thread,Celestial Night,3005,99,2023-10-13T20:51:30.000Z,https://universalis.app/market/12595
2652,Hempen Bandana,Jhaliss Fireash,5000,1,2023-10-01T13:44:11.000Z,https://universalis.app/market/2652
2653,Leather Eyepatch,Stumble Duckie,20750000,1,2023-10-02T02:00:33.000Z,https://universalis.app/market/2653
2654,Hard Leather Pot Helm,Fen Tix,4000,1,2023-10-14T01:15:48.000Z,https://universalis.app/market/2654
2655,Hempen Hat,Pink Blossom,22000000,1,2023-09-29T14:19:12.000Z,https://universalis.app/market/2655
2656,Bronze Chain Coif,Eir Morn,20000000,1,2023-09-25T16:52:38.000Z,https://universalis.app/market/2656
5081,Bronze Rings,Mika Lawrence,210,3,2023-10-11T13:12:58.000Z,https://universalis.app/market/5081
2658,Straw Hat,Lief Eksil,15000000,1,2023-10-01T00:44:11.000Z,https://universalis.app/market/2658
5342,Straw,Smaug Dragon,780,99,2023-09-20T13:11:30.000Z,https://universalis.app/market/5342
2660,Amateur's Headgear,Lucythebates Sr,5000,1,2023-09-19T07:53:22.000Z,https://universalis.app/market/2660
2661,Amateur's Hempen Coif,Kosmic Shark,4,1,2023-09-27T05:36:22.000Z,https://universalis.app/market/2661
2662,Bronze Sallet,Nina Ali,5500,1,2023-09-28T23:59:22.000Z,https://universalis.app/market/2662
2663,Stablemaid's Hat,Sum Yumi,10000000,1,2023-10-10T19:42:43.000Z,https://universalis.app/market/2663
5540,Carnation,Im Void,50,12,2023-09-19T00:58:05.000Z,https://universalis.app/market/5540
2664,Bronze Barbut,Cidolfus Grimoire,5000,1,2023-09-21T23:10:19.000Z,https://universalis.app/market/2664
2665,Cotton Turban,Arraut Kauveur,1500,1,2023-10-06T20:39:43.000Z,https://universalis.app/market/2665
2666,Stablehand's Hat,Zaen Midlandian,10000,1,2023-10-13T01:42:37.000Z,https://universalis.app/market/2666
2668,Brass Spectacles,Istari Xiomar,14997,1,2023-10-15T19:22:21.000Z,https://universalis.app/market/2668
5512,Clear Glass Lens,Surly Panther,4000,10,2023-09-26T14:28:52.000Z,https://universalis.app/market/5512
2669,Hard Leather Eyepatch,Boofamin Goof,350,1,2023-09-21T19:08:52.000Z,https://universalis.app/market/2669
2670,Cotton Scarf,Morag Stilwell,15000,1,2023-09-28T12:16:31.000Z,https://universalis.app/market/2670
2672,Hard Leather Skullcap,Rory Noire,30000,1,2023-09-24T05:51:45.000Z,https://universalis.app/market/2672
2673,Bronze Celata,Tzuki Naomi,5007,1,2023-09-23T22:28:01.000Z,https://universalis.app/market/2673
2675,Ash Mask,Retroactive Augury,10530,1,2023-10-02T03:52:47.000Z,https://universalis.app/market/2675
2677,Hunting Hat,Nico' Robin,5001,1,2023-10-01T07:06:18.000Z,https://universalis.app/market/2677
2680,Decorated Bronze Barbut,Lumin Surt,20000,1,2023-09-24T18:11:30.000Z,https://universalis.app/market/2680
2685,Brass Circlet (Sunstone),Pina Cotton,4998,1,2023-10-01T15:23:12.000Z,https://universalis.app/market/2685
5169,Sunstone,Ume Chorrynth,3500,2,2023-10-13T00:06:35.000Z,https://universalis.app/market/5169
2687,Brass Circlet (Danburite),Tenshi Itik,1350,1,2023-09-25T03:40:47.000Z,https://universalis.app/market/2687
5170,Danburite,Rhaz Berry,4002,4,2023-10-05T06:11:44.000Z,https://universalis.app/market/5170
2689,Brass Circlet (Malachite),V' V',4500,1,2023-09-26T20:04:26.000Z,https://universalis.app/market/2689
5171,Malachite,Ruga Tektsuji,200,1,2023-09-26T21:44:11.000Z,https://universalis.app/market/5171
2691,Brass Circlet (Sphene),Shin Takeru,9999,1,2023-09-23T18:12:37.000Z,https://universalis.app/market/2691
5172,Sphene,Sullandra T'var,600000,1,2023-10-11T19:35:29.000Z,https://universalis.app/market/5172
2693,Brass Circlet (Fluorite),Mimi Akane,500,1,2023-09-25T23:29:06.000Z,https://universalis.app/market/2693
5173,Fluorite,Lilly Dragonblood,1999,4,2023-10-12T04:47:51.000Z,https://universalis.app/market/5173
2695,Brass Circlet (Lapis Lazuli),Trinty Mohun,2000,1,2023-09-26T03:04:24.000Z,https://universalis.app/market/2695
5174,Lapis Lazuli,Akuma Mir,600,20,2023-10-02T01:46:00.000Z,https://universalis.app/market/5174
2697,Goatskin Pot Helm,Jenni Code,2009,1,2023-10-01T20:04:11.000Z,https://universalis.app/market/2697
2699,Cotton Coif,Yu Zu,5000,1,2023-10-12T01:27:56.000Z,https://universalis.app/market/2699
2700,Cotton Coif of Gathering,Apology Bot,9500,1,2023-10-06T21:23:54.000Z,https://universalis.app/market/2700
2703,Ash Mask (Lapis Lazuli),Nara Sky,4000,1,2023-09-19T20:47:58.000Z,https://universalis.app/market/2703
2708,Iron Sallet,Neio Sol'eki,10000,1,2023-09-22T05:59:14.000Z,https://universalis.app/market/2708
2710,Goatskin Eyepatch,Ume Chorrynth,11111,1,2023-10-12T01:17:27.000Z,https://universalis.app/market/2710
2712,Iron Celata,Cilia Heart,4000000,1,2023-10-07T02:14:11.000Z,https://universalis.app/market/2712
5082,Iron Rings,Leili Kouris,980,2,2023-09-20T23:08:44.000Z,https://universalis.app/market/5082
2714,Initiate's Headgear,Niniro Kurogane,20000,1,2023-09-19T21:39:03.000Z,https://universalis.app/market/2714
2719,Cotton Sugarloaf Hat,Miana Himeko,10000,1,2023-10-10T04:11:45.000Z,https://universalis.app/market/2719
2723,Iron Elmo,Moggie Rae,10000,1,2023-10-01T16:48:57.000Z,https://universalis.app/market/2723
2725,Reinforced Iron Sallet,Tenshi Itik,500,1,2023-10-04T03:44:08.000Z,https://universalis.app/market/2725
2727,Velveteen Bandana,Kana Vihrea,7250,1,2023-09-24T01:54:50.000Z,https://universalis.app/market/2727
2728,Silver Spectacles,Manic Monday,59000,1,2023-09-30T17:19:49.000Z,https://universalis.app/market/2728
2729,Velveteen Turban,Mercenary Hunter,20000,1,2023-09-26T21:01:05.000Z,https://universalis.app/market/2729
2731,Silver Magnifiers,Reckless Badgersan,30016,1,2023-09-24T21:39:39.000Z,https://universalis.app/market/2731
2733,Velveteen Wedge Cap of Crafting,Aura Eldorado,19999,1,2023-09-19T21:58:59.000Z,https://universalis.app/market/2733
2734,Velveteen Wedge Cap of Gathering,Nodada Yukimura,20000,1,2023-09-23T00:39:33.000Z,https://universalis.app/market/2734
2735,Silver Circlet (Garnet),Lorcan O'connor,22500,1,2023-10-04T22:54:43.000Z,https://universalis.app/market/2735
5175,Garnet,Leili Kouris,150,1,2023-09-25T05:05:07.000Z,https://universalis.app/market/5175
2737,Silver Circlet (Goshenite),Sachare Arlondo,10000,1,2023-09-27T13:25:41.000Z,https://universalis.app/market/2737
5176,Goshenite,Kavarion Sien,105,2,2023-09-21T19:39:33.000Z,https://universalis.app/market/5176
2739,Silver Circlet (Peridot),Nakra Koatal,25500,1,2023-10-05T21:59:11.000Z,https://universalis.app/market/2739
5177,Peridot,Calypso D'amour,100,2,2023-09-19T04:44:37.000Z,https://universalis.app/market/5177
5178,Heliodor,Ms Eldari,4000,1,2023-09-19T10:43:29.000Z,https://universalis.app/market/5178
2743,Silver Circlet (Amethyst),Eith Neir,20000,1,2023-09-20T16:31:32.000Z,https://universalis.app/market/2743
5179,Amethyst,Etoinelle Dechamberre,499,29,2023-10-06T20:01:27.000Z,https://universalis.app/market/5179
2745,Silver Circlet (Aquamarine),Veronica Iceshade,10000,1,2023-09-21T05:29:50.000Z,https://universalis.app/market/2745
5180,Aquamarine,Yozora Rose,999,2,2023-09-22T00:35:34.000Z,https://universalis.app/market/5180
2750,Velveteen Beret,Darkheart Syn,50000,1,2023-10-06T22:04:08.000Z,https://universalis.app/market/2750
5343,Cotton Boll,Amaretto Tort,101,13,2023-10-07T19:50:11.000Z,https://universalis.app/market/5343
5355,Dodo Feather,Swedish Fika,900,1,2023-09-28T21:04:25.000Z,https://universalis.app/market/5355
2753,Steel Sallet,Mide Mizuki,39999,1,2023-09-20T04:50:09.000Z,https://universalis.app/market/2753
2755,Steel Celata,Lachelle Voras,30000,1,2023-09-30T00:31:31.000Z,https://universalis.app/market/2755
2757,Vintage Celata,H'aldris Va'zhul,1000,1,2023-09-29T18:02:13.000Z,https://universalis.app/market/2757
2758,Steel Goggles,Hydro Xander,14000,1,2023-10-14T15:00:51.000Z,https://universalis.app/market/2758
2763,Velveteen Sugarloaf Hat,Delbeg Bolir,50031,1,2023-10-04T03:32:37.000Z,https://universalis.app/market/2763
2765,Steel Elmo,Endoh Reaper,1031,1,2023-10-04T05:07:04.000Z,https://universalis.app/market/2765
2767,Skull Eyepatch,Retroactive Augury,49925,1,2023-10-03T22:31:57.000Z,https://universalis.app/market/2767
2769,Mythril Magnifiers,Lucythebates Sr,24000,1,2023-09-19T16:15:11.000Z,https://universalis.app/market/2769
2774,Mythril Spectacles,Alexander Person,50000,1,2023-09-29T14:19:36.000Z,https://universalis.app/market/2774
2776,Linen Turban,Luc Drakesbane,20000,1,2023-09-24T05:09:44.000Z,https://universalis.app/market/2776
2778,Angler's Hat,Verric Lazarus,20000,1,2023-09-19T12:19:39.000Z,https://universalis.app/market/2778
2779,Linen Hat,Milyard Helstea,50000000,1,2023-09-24T23:09:35.000Z,https://universalis.app/market/2779
2785,Vintage Chef's Hat,Hermes Lyko,20000000,1,2023-09-26T09:38:25.000Z,https://universalis.app/market/2785
2786,Steel Barbut,Angel Black,25000,1,2023-09-29T02:27:38.000Z,https://universalis.app/market/2786
2790,Mythril Circlet (Rubellite),Flash Flare,9037,1,2023-10-05T16:01:10.000Z,https://universalis.app/market/2790
5181,Rubellite,Few Yew,900,2,2023-09-21T03:55:15.000Z,https://universalis.app/market/5181
2792,Mythril Circlet (Zircon),Kaetzuo Yuriko,3999,1,2023-10-08T03:45:06.000Z,https://universalis.app/market/2792
5182,Zircon,Eurus Vortefaurt,950,1,2023-10-01T20:40:38.000Z,https://universalis.app/market/5182
2796,Mythril Circlet (Amber),Welos Aldmeira,398,1,2023-09-30T21:59:46.000Z,https://universalis.app/market/2796
5184,Amber,Kavarion Sien,1052,1,2023-09-23T18:01:49.000Z,https://universalis.app/market/5184
2798,Mythril Circlet (Spinel),Samuel Poe,9899,1,2023-09-22T05:14:49.000Z,https://universalis.app/market/2798
5185,Spinel,Lovely Bloodrose,500,5,2023-09-24T03:54:10.000Z,https://universalis.app/market/5185
5186,Turquoise,Ageha Cho,102,9,2023-09-26T09:13:24.000Z,https://universalis.app/market/5186
2802,Mythril Elmo,Only Fantasies,39500,1,2023-10-04T11:00:34.000Z,https://universalis.app/market/2802
2804,Linen Wedge Cap of Crafting,Darius Lionward,20000,1,2023-10-07T17:59:48.000Z,https://universalis.app/market/2804
2805,Linen Wedge Cap of Gathering,Lux Suri,19999,1,2023-09-22T08:37:21.000Z,https://universalis.app/market/2805
2806,Woolen Coif,Covva Foixewesfv,20000,1,2023-09-19T02:41:45.000Z,https://universalis.app/market/2806
5328,Undyed Woolen Cloth,Nilana Atophos,10000,1,2023-10-10T03:50:39.000Z,https://universalis.app/market/5328
2808,Woolen Coif of Gathering,Trecent Kogane,20000,1,2023-10-06T17:18:58.000Z,https://universalis.app/market/2808
2810,Woolen Turban,Roro Robin,20000,1,2023-09-23T20:49:02.000Z,https://universalis.app/market/2810
2812,Mythril Celata,Leatrix Blackbird,14995,1,2023-09-30T05:14:13.000Z,https://universalis.app/market/2812
5089,Mythril Rings,Moura Moltova,1100,3,2023-10-06T22:46:32.000Z,https://universalis.app/market/5089
2814,Woolen Hat,Nimue Tempest,28000,1,2023-10-05T03:40:19.000Z,https://universalis.app/market/2814
2816,Linen Deerstalker,Akura Shirogane,30000,1,2023-09-24T00:33:26.000Z,https://universalis.app/market/2816
2817,Mythril Barbut,Ashedar Deroso,20000,1,2023-10-06T02:56:57.000Z,https://universalis.app/market/2817
2819,Mythril Mesail,Tzuki Naomi,34995,1,2023-09-21T20:53:58.000Z,https://universalis.app/market/2819
2825,Ranger's Hat,Arthur Light,18949,1,2023-09-19T07:34:42.000Z,https://universalis.app/market/2825
2827,Mythril Chain Coif,Faith Solaris,19400,1,2023-09-28T23:08:55.000Z,https://universalis.app/market/2827
2829,Woolen Beret,Pagaga Vochstein,200000,1,2023-10-11T02:29:10.000Z,https://universalis.app/market/2829
5348,Apkallu Down,Littlelala Foofoo,4000,1,2023-09-25T21:04:33.000Z,https://universalis.app/market/5348
2830,Reinforced Mythril Elmo,Lord Xyphoos,49999,1,2023-09-24T00:58:21.000Z,https://universalis.app/market/2830
2832,Woolen Cavalier's Hat,Felix Ashton,19900,1,2023-09-21T05:50:30.000Z,https://universalis.app/market/2832
2834,Cobalt Preserves,Me-and Meatball,29999,1,2023-09-27T04:55:29.000Z,https://universalis.app/market/2834
2835,Felt Coif,Yumera Winters,28500,1,2023-10-08T08:55:44.000Z,https://universalis.app/market/2835
2837,Felt Coif of Gathering,Zaen Midlandian,19998,1,2023-10-10T19:40:27.000Z,https://universalis.app/market/2837
2850,Cobalt Elmo,Luca Santiago,15000,1,2023-09-25T15:38:46.000Z,https://universalis.app/market/2850
2852,Felt Hat,Lux Suri,30000,1,2023-09-22T04:33:27.000Z,https://universalis.app/market/2852
2854,Woolen Deerstalker,Luca Santiago,19995,1,2023-10-04T19:13:02.000Z,https://universalis.app/market/2854
2855,Vintage Jester's Cap,Caitlyn Blackrose,23000,1,2023-10-01T06:06:15.000Z,https://universalis.app/market/2855
2702,Moldering Jester's Cap,Kurai Fluffytail,479,1,2023-09-28T18:22:25.000Z,https://universalis.app/market/2702
2857,Electrum Monocle,Boy Moder,27900,1,2023-10-06T23:39:37.000Z,https://universalis.app/market/2857
5087,Brass Rings,Chris Sharkbait,99,2,2023-09-23T19:16:59.000Z,https://universalis.app/market/5087
2859,Cobalt Barbut,Tohru Kobayashi,40000,1,2023-09-20T02:59:31.000Z,https://universalis.app/market/2859
2861,Cobalt Mesail,Tabi Yuki,50000,1,2023-10-03T19:00:51.000Z,https://universalis.app/market/2861
2862,Raptorskin Pot Helm,Tabi Yuki,15000,1,2023-09-25T01:43:49.000Z,https://universalis.app/market/2862
2870,Electrum Circlet (Rubellite),Sokou Unzan,30000,1,2023-09-30T16:07:22.000Z,https://universalis.app/market/2870
2872,Electrum Circlet (Zircon),Lord Xyphoos,39999,1,2023-09-24T01:01:46.000Z,https://universalis.app/market/2872
2874,Electrum Circlet (Tourmaline),Dorian Forbess,8999,1,2023-10-01T22:34:58.000Z,https://universalis.app/market/2874
2876,Electrum Circlet (Amber),Acerola O'rian,39999,1,2023-09-25T21:38:07.000Z,https://universalis.app/market/2876
2878,Electrum Circlet (Spinel),David Henry,39999,1,2023-10-09T16:33:12.000Z,https://universalis.app/market/2878
2880,Electrum Circlet (Turquoise),Bleiwyda Sundwilfwyn,800,1,2023-09-19T13:03:17.000Z,https://universalis.app/market/2880
2884,Cobalt Chain Coif,Yunalesca Yevon,6000,1,2023-10-08T00:30:36.000Z,https://universalis.app/market/2884
5084,Cobalt Rings,Illyria Amell,2000,1,2023-10-07T02:05:33.000Z,https://universalis.app/market/5084
2886,Felt Beret,Umari Kisne,29985,1,2023-09-21T00:05:15.000Z,https://universalis.app/market/2886
2891,Felt Cavalier's Hat,Jaylean Bryant,29995,1,2023-10-01T20:01:41.000Z,https://universalis.app/market/2891
2895,Patrician's Wedge Cap,Havok Crippleton,45000,1,2023-10-06T01:57:41.000Z,https://universalis.app/market/2895
2911,Militia Barbut,Valus Rosfield,8999,1,2023-09-28T09:50:36.000Z,https://universalis.app/market/2911
2912,Militia Armet,Vellicoeur Starstruck,4289,1,2023-09-23T22:26:46.000Z,https://universalis.app/market/2912
2913,Militia Hat,Roo Iam,2171,1,2023-09-19T02:10:33.000Z,https://universalis.app/market/2913
2915,Silver Tricorne,Mina Seridina,9999,1,2023-09-28T19:00:50.000Z,https://universalis.app/market/2915
5287,Uraeus Leather,Beba Loot,12000,1,2023-09-30T22:12:36.000Z,https://universalis.app/market/5287
2920,Carpenter's Hood,Yui Kurokawa,21000,1,2023-09-30T15:12:50.000Z,https://universalis.app/market/2920
2921,Blacksmith's Goggles,Ruze Edalgna,29999,1,2023-09-19T07:18:27.000Z,https://universalis.app/market/2921
2922,Armorer's Visor,Aerandir Targaryen,6065,1,2023-09-29T22:51:30.000Z,https://universalis.app/market/2922
2923,Goldsmith's Turban,Rivet Nekomata,3985,1,2023-09-27T03:56:25.000Z,https://universalis.app/market/2923
2924,Leatherworker's Hat,Celestial Night,19997,1,2023-10-13T18:09:05.000Z,https://universalis.app/market/2924
2925,Weaver's Gibus,Jeanna Starfoot,9899,1,2023-10-01T09:44:41.000Z,https://universalis.app/market/2925
2926,Alchemist's Monocle,Mina Feet,17494,1,2023-10-01T17:04:46.000Z,https://universalis.app/market/2926
2927,Culinarian's Hat,Solaara Windynn,100000,1,2023-10-15T01:35:16.000Z,https://universalis.app/market/2927
2928,Hamlet Digger's Helmet,Morgane Lionheart,43000,1,2023-09-27T14:13:15.000Z,https://universalis.app/market/2928
2929,Hamlet Cutter's Hat,Minxie Kha,31000,1,2023-10-10T00:47:29.000Z,https://universalis.app/market/2929
2930,Hamlet Puller's Hat,Naomi Kusakari,44997,1,2023-09-21T00:25:56.000Z,https://universalis.app/market/2930
2932,Rose Gold Circlet,Two Ee,15750,1,2023-09-23T21:24:32.000Z,https://universalis.app/market/2932
2931,Legionary Visor,Dorian Bellegarde,30000000,1,2023-10-14T03:28:22.000Z,https://universalis.app/market/2931
5067,Rose Gold Ingot,Katori Nu'ski,2000,1,2023-10-02T04:27:44.000Z,https://universalis.app/market/5067
2934,Imperial Operative Hat,Two Ee,12000,1,2023-09-23T21:24:53.000Z,https://universalis.app/market/2934
5289,Hard Hippogryph Leather,String Bean,2401,1,2023-10-08T22:09:11.000Z,https://universalis.app/market/5289
2939,Gryphonskin Hat,Lekaka Leka,1999,1,2023-10-14T04:10:02.000Z,https://universalis.app/market/2939
2940,Darksteel Chain Coif,Zarlina Cott,1997,1,2023-10-09T21:58:21.000Z,https://universalis.app/market/2940
5085,Darksteel Rings,Lilly Dragonblood,5000,2,2023-09-19T05:51:29.000Z,https://universalis.app/market/5085
2941,Vanya Hat of Casting,Resha Lihmu,15092,1,2023-10-14T17:38:53.000Z,https://universalis.app/market/2941
5577,Vanya Silk Hat Lining,Altemys Theldry,2410,1,2023-10-12T16:41:26.000Z,https://universalis.app/market/5577
2942,Vanya Hat of Healing,Winter Callisto,3888,1,2023-10-11T23:02:42.000Z,https://universalis.app/market/2942
2958,Hempen Dalmatica,Tal'ewain Ashe,300,1,2023-09-27T02:42:46.000Z,https://universalis.app/market/2958
2959,Hempen Dalmatica of Gathering,Aoi Futaba,499,1,2023-10-01T14:54:18.000Z,https://universalis.app/market/2959
2960,Hempen Tunic,Anara White,100000000,1,2023-10-08T19:15:31.000Z,https://universalis.app/market/2960
2961,Hempen Kurta,Destroyer Adachi,150810000,1,2023-09-22T16:11:35.000Z,https://universalis.app/market/2961
2993,Company Tabard,Pembrooke Gerraldieux,1539969,1,2023-09-24T03:00:58.000Z,https://universalis.app/market/2993
2996,Hempen Undershirt,Averill Maldiore,24000,1,2023-09-22T03:39:34.000Z,https://universalis.app/market/2996
2997,Hempen Camise,Clown Chan,100000000,1,2023-09-27T21:45:34.000Z,https://universalis.app/market/2997
2999,Hempen Tabard,Zaen Midlandian,15000,1,2023-10-12T00:45:28.000Z,https://universalis.app/market/2999
3000,Hempen Cowl,Tux Stormblessed,1006,1,2023-10-04T04:47:26.000Z,https://universalis.app/market/3000
3001,Hempen Shepherd's Tunic,Strider Strix,11000,1,2023-09-24T06:22:34.000Z,https://universalis.app/market/3001
3008,Hempen Acton,Raelyn Grace,2106,1,2023-09-27T21:42:59.000Z,https://universalis.app/market/3008
5341,Moko Grass,Jazz Is,350,99,2023-09-19T16:22:19.000Z,https://universalis.app/market/5341
3010,Hempen Halfrobe,Haru Beastars,7100,1,2023-09-19T02:12:39.000Z,https://universalis.app/market/3010
3011,Bronze Haubergeon,White Coral,6000,1,2023-10-15T02:00:07.000Z,https://universalis.app/market/3011
3013,Amateur's Doublet Vest,Aeryn Amariyo,10007,1,2023-09-19T03:33:56.000Z,https://universalis.app/market/3013
3014,Amateur's Kurta,C'opper Bantam,200,1,2023-09-28T06:12:06.000Z,https://universalis.app/market/3014
3015,Amateur's Dalmatica,M'lythia Amih,10007,1,2023-09-19T21:06:42.000Z,https://universalis.app/market/3015
3016,Leather Jacket,Brandt Lyonhart,1500,1,2023-10-03T17:47:54.000Z,https://universalis.app/market/3016
3017,Hard Leather Harness,Renari Invictus,1008,1,2023-10-11T02:39:15.000Z,https://universalis.app/market/3017
3018,Hempen Robe,Illustrious Clyne,5000,1,2023-09-23T16:34:29.000Z,https://universalis.app/market/3018
3019,Hempen Doublet Vest of Crafting,Zaen Midlandian,3400,1,2023-09-28T00:24:11.000Z,https://universalis.app/market/3019
3020,Hempen Doublet Vest of Gathering,Darth Adriano,1250,1,2023-09-23T19:41:02.000Z,https://universalis.app/market/3020
3022,Cotton Shirt,Kirbly Durbly,5111,1,2023-10-08T06:17:20.000Z,https://universalis.app/market/3022
3023,Cotton Shepherd's Tunic,Lux Suri,500,1,2023-09-22T04:33:18.000Z,https://universalis.app/market/3023
3024,Cotton Cowl,Mart Rain,300000000,1,2023-09-21T17:56:39.000Z,https://universalis.app/market/3024
3026,Bronze Cuirass,Tzuki Naomi,1000,1,2023-09-21T14:01:06.000Z,https://universalis.app/market/3026
3028,Cotton Tabard,Sasha Shadowpaw,450,1,2023-10-08T21:05:07.000Z,https://universalis.app/market/3028
3036,Cotton Dalmatica,Tenshi Itik,10000,1,2023-09-23T17:57:23.000Z,https://universalis.app/market/3036
3038,Cotton Dalmatica of Gathering,Riddle Box,8000,1,2023-10-15T19:06:45.000Z,https://universalis.app/market/3038
3039,Cotton Acton,Hrist Vaelhart,15000,1,2023-10-08T23:48:47.000Z,https://universalis.app/market/3039
3041,Cotton Kurta,Zaria Modernia,10000,1,2023-10-06T22:04:48.000Z,https://universalis.app/market/3041
3045,Iron Cuirass,Azmok Kenesios,5000,1,2023-10-11T00:19:07.000Z,https://universalis.app/market/3045
3050,Cotton Halfrobe,Johannes Abel,6000,1,2023-09-24T00:13:16.000Z,https://universalis.app/market/3050
3052,Cotton Doublet Vest of Crafting,Niniro Kurogane,20000,1,2023-09-19T21:39:54.000Z,https://universalis.app/market/3052
3053,Cotton Doublet Vest of Gathering,Anne Bonny,27988,1,2023-10-05T02:48:55.000Z,https://universalis.app/market/3053
3057,Iron Scale Mail,Reighven Wrekz,15021,1,2023-10-05T05:06:36.000Z,https://universalis.app/market/3057
3060,Cotton Trapper's Tunic,Cal Sideris,4020,1,2023-10-11T15:32:51.000Z,https://universalis.app/market/3060
3062,Cotton Robe,Sum Yumi,76500000,1,2023-10-15T09:06:43.000Z,https://universalis.app/market/3062
3064,Initiate's Doublet Vest,Capulus Tempus,39000,1,2023-09-25T11:15:27.000Z,https://universalis.app/market/3064
3065,Initiate's Gown,Willow Lunasulor,8500,1,2023-10-08T05:03:40.000Z,https://universalis.app/market/3065
3066,Velveteen Shirt,M'yieh Gelsa,30000,1,2023-10-11T00:13:01.000Z,https://universalis.app/market/3066
3068,Heavy Iron Armor,Megumi Ornitier,60000000,1,2023-09-25T17:32:32.000Z,https://universalis.app/market/3068
3076,Vintage Coatee,Valerie Moreau,20000,1,2023-09-20T23:45:24.000Z,https://universalis.app/market/3076
3009,Moth-eaten Coatee,Elle Venezia,9999,1,2023-09-29T01:02:05.000Z,https://universalis.app/market/3009
3077,Velveteen Coatee of Crafting,Cpt Puddingcup,30000,1,2023-09-19T09:01:25.000Z,https://universalis.app/market/3077
3090,Velveteen Cowl,Emilia Satella,44444,1,2023-10-02T05:10:46.000Z,https://universalis.app/market/3090
3092,Velveteen Coatee of Gathering,Rinni Rapport,16000,1,2023-09-19T23:27:32.000Z,https://universalis.app/market/3092
3096,Steel Chainmail,Shono Kagon,39000,1,2023-10-04T16:32:32.000Z,https://universalis.app/market/3096
5083,Steel Rings,Lordkitten Softpaw,1800,1,2023-10-15T19:46:57.000Z,https://universalis.app/market/5083
3099,Toadskin Jerkin,Kaede Natsumi,20000,1,2023-10-04T17:22:07.000Z,https://universalis.app/market/3099
3100,Toadskin Jacket,Shinobi Kaiyo,30000000,1,2023-10-07T03:22:26.000Z,https://universalis.app/market/3100
3102,Steel Cuirass,Kurosaki Mitsuki,29999,1,2023-10-08T18:24:15.000Z,https://universalis.app/market/3102
3104,Velveteen Gown,Ravyn Thurnstone,30000,1,2023-09-24T00:07:58.000Z,https://universalis.app/market/3104
3105,Vintage Doublet Vest,Rize Aizen,325000,1,2023-09-23T07:09:54.000Z,https://universalis.app/market/3105
2998,Frayed Cotton Doublet Vest,Buttery Succubiscuit,4999,1,2023-09-28T19:45:01.000Z,https://universalis.app/market/2998
3106,Velveteen Robe,Yumera Winters,35000,1,2023-09-24T09:50:30.000Z,https://universalis.app/market/3106
3118,Steel Scale Mail,Sobra Ironmane,2052,1,2023-10-01T21:50:22.000Z,https://universalis.app/market/3118
3120,Velveteen Doublet Vest of Crafting,Hydro Xander,35000,1,2023-10-14T14:58:57.000Z,https://universalis.app/market/3120
3121,Velveteen Doublet Vest of Gathering,Kazuma Kha,44990,1,2023-10-07T02:43:33.000Z,https://universalis.app/market/3121
3125,Linen Shirt,Lord Xyphoos,29999,1,2023-09-24T01:10:52.000Z,https://universalis.app/market/3125
3127,Heavy Steel Armor,Bun Tsukino,25000,1,2023-09-23T19:13:45.000Z,https://universalis.app/market/3127
3131,Linen Robe,Hydro Xander,35000,1,2023-10-15T23:08:41.000Z,https://universalis.app/market/3131
3137,Vintage Chef's Apron,Kaylanii Moon,5000,1,2023-10-03T20:49:48.000Z,https://universalis.app/market/3137
3012,Stained Chef's Apron,Kinni Fishe,300000000,1,2023-10-04T18:31:22.000Z,https://universalis.app/market/3012
3138,Boarskin Harness,Sephira Sol,20000,1,2023-09-22T00:39:27.000Z,https://universalis.app/market/3138
3140,Linen Cowl,Tulth Mystflame,20000,1,2023-09-23T00:48:37.000Z,https://universalis.app/market/3140
3144,Linen Coatee of Crafting,Ibe Profen,29999,1,2023-09-29T14:42:35.000Z,https://universalis.app/market/3144
3145,Linen Coatee of Gathering,Velvet Gusion,17000,1,2023-09-22T04:28:01.000Z,https://universalis.app/market/3145
3146,Linen Bliaud,Meowmeow Bigheals,20000,1,2023-10-07T01:22:45.000Z,https://universalis.app/market/3146
3147,Woolen Shirt,Shu Yaru,20000,1,2023-09-23T08:53:47.000Z,https://universalis.app/market/3147
3149,Mythril Cuirass,Ruze Edalgna,49999,1,2023-09-20T15:24:49.000Z,https://universalis.app/market/3149
3160,Woolen Robe,Divi Moontide,20000,1,2023-09-25T00:15:00.000Z,https://universalis.app/market/3160
3162,Linen Smock,Willow Lunasulor,35000,1,2023-10-11T00:55:23.000Z,https://universalis.app/market/3162
3163,Linen Doublet,Zaen Midlandian,24999,1,2023-10-09T19:49:32.000Z,https://universalis.app/market/3163
3021,Blackened Scale Mail,Lil Mil,5000,1,2023-09-29T02:23:06.000Z,https://universalis.app/market/3021
3165,Peisteskin Harness,Claudio Killganon,33333,1,2023-10-11T01:06:53.000Z,https://universalis.app/market/3165
3172,Ranger's Tunic,Morgane Lionheart,20000,1,2023-09-27T23:37:07.000Z,https://universalis.app/market/3172
3176,Woolen Gown,Ruze Edalgna,39999,1,2023-09-21T03:38:49.000Z,https://universalis.app/market/3176
3177,Boarskin Jerkin,Darth Adriano,22990,1,2023-10-12T18:14:47.000Z,https://universalis.app/market/3177
3178,Woolen Bliaud,Kaneko Maneko,8799,1,2023-09-29T04:59:36.000Z,https://universalis.app/market/3178
3180,High Mythril Armor,Luna Verglas,49775,1,2023-09-30T17:04:10.000Z,https://universalis.app/market/3180
3182,Vintage Seneschal Coatee,Eileen Gnurt,40000,1,2023-10-15T21:29:16.000Z,https://universalis.app/market/3182
3098,Moth-eaten Seneschal Coatee,Kurai Fluffytail,78949,1,2023-09-28T18:22:12.000Z,https://universalis.app/market/3098
3183,Tortoiseshell Scale Mail,Vuln Collector,25000,1,2023-10-08T06:08:01.000Z,https://universalis.app/market/3183
3185,Felt Robe,Akari Sara,20000,1,2023-10-06T02:16:05.000Z,https://universalis.app/market/3185
3187,Woolen Smock,Katsem Triheart,20000,1,2023-09-30T06:21:05.000Z,https://universalis.app/market/3187
3188,Woolen Doublet,Kaeya Arulaq,9000,1,2023-09-28T05:58:21.000Z,https://universalis.app/market/3188
3191,Raptorskin Harness,Bubbles Nightshade,18000,1,2023-09-24T14:31:17.000Z,https://universalis.app/market/3191
3193,Woolen Cowl,Zengar Jenova,8888,1,2023-10-02T08:11:23.000Z,https://universalis.app/market/3193
3201,Rainmaker's Tunic,Lux Suri,42800,1,2023-09-22T08:15:59.000Z,https://universalis.app/market/3201
3203,Cobalt Haubergeon,Liara Sandoval,50000,1,2023-10-10T11:12:24.000Z,https://universalis.app/market/3203
3205,Felt Gown,Ibe Profen,19499,1,2023-10-04T19:08:17.000Z,https://universalis.app/market/3205
3206,Raptorskin Jerkin,Mina Heartstone,49999,1,2023-10-09T20:33:36.000Z,https://universalis.app/market/3206
3208,Vintage Robe,Linqatai Sahlkatyin,55109,1,2023-09-24T05:09:03.000Z,https://universalis.app/market/3208
3108,Tattered Robe,Yunga Shannara,10000,1,2023-09-19T07:59:43.000Z,https://universalis.app/market/3108
3209,Cobalt Cuirass,Killien O'malley,12000,1,2023-10-07T19:49:19.000Z,https://universalis.app/market/3209
3211,Felt Bliaud,Brianna Dunwall,39999,1,2023-09-23T21:14:07.000Z,https://universalis.app/market/3211
3213,Raptorskin Jacket,Liz Mao,22000,1,2023-09-22T01:42:42.000Z,https://universalis.app/market/3213
3215,Patrician's Coatee,Frankstral Stasis,36000,1,2023-10-05T05:28:12.000Z,https://universalis.app/market/3215
3229,Carpenter's Gown,Yui Kurokawa,47500,1,2023-09-30T15:13:00.000Z,https://universalis.app/market/3229
3230,Blacksmith's Apron,Tsuki Suisei,35000,1,2023-10-05T12:54:49.000Z,https://universalis.app/market/3230
3231,Armorer's Gown,Honest Evil,23300,1,2023-10-08T21:32:57.000Z,https://universalis.app/market/3231
3232,Goldsmith's Doublet,Rivet Nekomata,14900,1,2023-09-27T03:58:31.000Z,https://universalis.app/market/3232
3233,Leatherworker's Shirt,Cynenway Kazami,16969,1,2023-10-11T05:11:00.000Z,https://universalis.app/market/3233
3234,Weaver's Swallowtail,Drunk Fox,52970,1,2023-10-10T23:12:42.000Z,https://universalis.app/market/3234
3235,Alchemist's Coat,Mina Feet,76000,1,2023-09-22T15:07:18.000Z,https://universalis.app/market/3235
3236,Culinarian's Apron,Solaara Windynn,100000,1,2023-10-15T01:35:23.000Z,https://universalis.app/market/3236
3237,Miner's Shirt,Surreal M'ocean,51898,1,2023-09-20T11:56:58.000Z,https://universalis.app/market/3237
3238,Botanist's Doublet,Etho Sensei,70000,1,2023-09-22T03:59:18.000Z,https://universalis.app/market/3238
3239,Fisher's Shirt,Kimyovi Yka,70000,1,2023-09-20T03:38:02.000Z,https://universalis.app/market/3239
3240,Militia Robe,Solus Veilrend,6400,1,2023-09-25T11:33:00.000Z,https://universalis.app/market/3240
3241,Militia Cuirass,Cherry Petals,8490,1,2023-10-05T18:14:41.000Z,https://universalis.app/market/3241
3242,Militia Harness,Nueu Mei,25000,1,2023-09-28T12:05:07.000Z,https://universalis.app/market/3242
3243,Mosshorn Scale Mail,Yur'hee Camoa,5297,1,2023-09-23T18:18:52.000Z,https://universalis.app/market/3243
5437,Mossy Horn,Lucythebates Sr,700,2,2023-09-26T16:40:11.000Z,https://universalis.app/market/5437
3244,Dodore Doublet,Shinobi Dm,23999,1,2023-09-22T00:29:38.000Z,https://universalis.app/market/3244
5286,Dodore Leather,Elodie Delaunay,3499,1,2023-09-19T02:21:40.000Z,https://universalis.app/market/5286
3249,Imperial Operative Dalmatica,Facu Ly,2000,1,2023-10-13T01:37:28.000Z,https://universalis.app/market/3249
3256,Heavy Darksteel Armor,Vex'ahlia Vessar,9999,1,2023-09-21T23:04:07.000Z,https://universalis.app/market/3256
5585,Darksteel Breastplate,Cinnamon Sugar,2000,1,2023-09-22T13:58:43.000Z,https://universalis.app/market/5585
3257,Darksteel Haubergeon,James Estelle,3989,1,2023-10-01T19:51:52.000Z,https://universalis.app/market/3257
5105,Garlean Steel Plate,Sykel Ginye,267,1,2023-09-20T16:43:34.000Z,https://universalis.app/market/5105
3258,Gryphonskin Jerkin,Valus Rosfield,2899,1,2023-09-28T09:47:29.000Z,https://universalis.app/market/3258
5290,Coeurl Fur,Raine Roselia,150,2,2023-09-23T00:02:35.000Z,https://universalis.app/market/5290
5581,Gryphonskin Shoulder Guards,Didrianna Winterset,2024,2,2023-09-26T03:09:01.000Z,https://universalis.app/market/5581
3259,Gryphonskin Tunic,Whyis Gamora,3952,1,2023-10-08T19:35:34.000Z,https://universalis.app/market/3259
5104,Garlean Steel Joint,Grimsveldr Dvraesgard,1900,1,2023-09-20T01:03:26.000Z,https://universalis.app/market/5104
3260,Vanya Robe of Casting,Pikmin Tempest,2999,1,2023-10-04T01:52:53.000Z,https://universalis.app/market/3260
5578,Vanya Silk Robe Lining,Yunga Shannara,3000,1,2023-09-22T07:27:05.000Z,https://universalis.app/market/5578
3261,Vanya Robe of Healing,Nino Azelle,2499,1,2023-10-12T02:47:12.000Z,https://universalis.app/market/3261
3274,Hempen Breeches,Ichiru Kaien,10000000,1,2023-10-01T19:50:27.000Z,https://universalis.app/market/3274
3275,Hempen Breeches of Crafting,Aoi Futaba,1000,1,2023-10-01T14:55:13.000Z,https://universalis.app/market/3275
3276,Hempen Shepherd's Slops,Miki Chinen,10003,1,2023-10-08T21:04:18.000Z,https://universalis.app/market/3276
3307,Hempen Underpants,Mephisto Baelfire,29666,1,2023-10-01T17:10:52.000Z,https://universalis.app/market/3307
3308,Hempen Pantalettes,Vylette Valentine,125000000,1,2023-10-04T22:45:13.000Z,https://universalis.app/market/3308
3309,Hempen Chausses,Stevie Thomas,5000,1,2023-10-15T03:53:14.000Z,https://universalis.app/market/3309
3310,Leather Culottes,Lylac Winter,7500,1,2023-10-15T14:36:30.000Z,https://universalis.app/market/3310
3311,Hempen Sarouel,King Wahbiit,1500,1,2023-10-08T23:56:00.000Z,https://universalis.app/market/3311
3312,Hempen Tights,Venger Spinebreaker,1000000,1,2023-10-06T03:45:53.000Z,https://universalis.app/market/3312
3313,Hempen Kecks,Jenni Code,20006,1,2023-10-01T18:18:17.000Z,https://universalis.app/market/3313
3314,Hempen Gaskins,Locus Zathor,8000,1,2023-09-30T04:57:27.000Z,https://universalis.app/market/3314
3315,Amateur's Slops,Muffin Oftin,41000,1,2023-10-12T02:40:59.000Z,https://universalis.app/market/3315
3316,Amateur's Breeches,Fus Roduh,19991,1,2023-09-23T22:35:00.000Z,https://universalis.app/market/3316
3317,Hempen Bottoms,Kaylanii Moon,5007,1,2023-09-24T18:23:03.000Z,https://universalis.app/market/3317
3318,Hempen Trousers,Anaselina La'luna,5000,1,2023-09-25T20:33:57.000Z,https://universalis.app/market/3318
3319,Hard Leather Subligar,Vylette Valentine,6800000,1,2023-10-09T20:55:20.000Z,https://universalis.app/market/3319
3320,Striped Cotton Slops,Tal'ewain Ashe,4980,1,2023-10-05T00:21:27.000Z,https://universalis.app/market/3320
3321,Cotton Sarouel,Souji- Okita,3000,1,2023-10-01T05:50:39.000Z,https://universalis.app/market/3321
3322,Cotton Shepherd's Slops,Xzar Lanyari,10600,1,2023-10-04T05:49:05.000Z,https://universalis.app/market/3322
3324,Cotton Chausses,Zaen Midlandian,10000,1,2023-10-13T02:51:14.000Z,https://universalis.app/market/3324
3327,Cotton Tights,Vanilla Chan,36999,1,2023-09-23T00:34:36.000Z,https://universalis.app/market/3327
3332,Cotton Trousers,Bun Tsukino,15000,1,2023-09-23T06:23:36.000Z,https://universalis.app/market/3332
3334,Cotton Breeches,Ysayle'a Liao,12014,1,2023-09-22T00:50:49.000Z,https://universalis.app/market/3334
3336,Cotton Breeches of Crafting,Darkheart Syn,20000,1,2023-09-20T20:48:33.000Z,https://universalis.app/market/3336
3337,Goatskin Brais,Darkheart Syn,10000,1,2023-09-21T14:12:49.000Z,https://universalis.app/market/3337
3339,Padded Cotton Trousers,Ryuzane Withersoul,1000000,1,2023-09-25T19:07:56.000Z,https://universalis.app/market/3339
3341,Initiate's Slops,Strider Strix,23000,1,2023-09-23T16:21:52.000Z,https://universalis.app/market/3341
3343,Cotton Gaskins,Etienne Sukir,23021,1,2023-09-26T23:07:50.000Z,https://universalis.app/market/3343
3345,Cotton Kecks,Ansiem Sun,5050,1,2023-10-07T02:04:11.000Z,https://universalis.app/market/3345
3347,Goatskin Breeches,Uncle G',10000,1,2023-09-26T00:25:59.000Z,https://universalis.app/market/3347
3348,Velveteen Chausses,Kinael Kay',33900,1,2023-10-12T02:03:26.000Z,https://universalis.app/market/3348
3349,Velveteen Sarouel,Seluna D'amseul,99000,1,2023-09-20T02:57:30.000Z,https://universalis.app/market/3349
3351,Velveteen Sarouel of Gathering,Violet Skybunny,34996,1,2023-09-27T04:42:52.000Z,https://universalis.app/market/3351
3352,Heavy Iron Flanchard,Ko'ia Duskveil,26000,1,2023-10-12T11:44:24.000Z,https://universalis.app/market/3352
3354,Striped Velveteen Slops,Nagaharu Kiba,35000,1,2023-10-11T00:58:04.000Z,https://universalis.app/market/3354
3355,Velveteen Tights,Vylette Valentine,68000000,1,2023-09-25T18:29:54.000Z,https://universalis.app/market/3355
3363,Velveteen Bottoms,Cpt Puddingcup,27900,1,2023-09-24T06:28:39.000Z,https://universalis.app/market/3363
3365,Velveteen Trousers,Nuticus Maximus,20000,1,2023-10-04T17:59:51.000Z,https://universalis.app/market/3365
