id,name,buyerName,pricePerUnit,quantity,timestamp,universalisUrl
1602,Bronze Bastard Sword,Cale Gamble,11104,1,2023-11-04T19:09:41.000Z,https://universalis.app/market/1602
2,Fire Shard,Dalcos Kairon,175,55,2023-11-12T21:00:47.000Z,https://universalis.app/market/2
5,Earth Shard,Seely Bytes,175,55,2023-11-06T04:33:08.000Z,https://universalis.app/market/5
5056,Bronze Ingot,Sei'gi King,900,1,2023-11-04T14:10:27.000Z,https://universalis.app/market/5056
5361,Maple Lumber,Ayolan Whiteflame,400,1,2023-11-14T22:00:49.000Z,https://universalis.app/market/5361
5432,Bone Chip,Icarus Sundragon,500,11,2023-11-18T21:06:32.000Z,https://universalis.app/market/5432
1603,Viking Sword,Lynne Xo,11114,1,2023-11-03T02:37:52.000Z,https://universalis.app/market/1603
5275,Leather,Reading Rainbow,250,90,2023-11-01T07:28:17.000Z,https://universalis.app/market/5275
1604,Ash Macuahuitl,Megumi Ornitier,10000000,1,2023-11-02T04:49:29.000Z,https://universalis.app/market/1604
3,Ice Shard,Pfeil Nehwa,175,55,2023-11-21T14:20:33.000Z,https://universalis.app/market/3
4,Wind Shard,Cember Kane,175,55,2023-11-06T02:43:11.000Z,https://universalis.app/market/4
5124,Obsidian,Stalwart Siren,100,10,2023-11-19T02:50:34.000Z,https://universalis.app/market/5124
5364,Ash Lumber,Astray Eclipse,15000,2,2023-11-25T16:13:07.000Z,https://universalis.app/market/5364
1605,Bronze Spatha,Ubito Tabito,10000,1,2023-10-31T14:08:58.000Z,https://universalis.app/market/1605
5276,Hard Leather,Azisare Tepet,1800,6,2023-11-11T12:18:32.000Z,https://universalis.app/market/5276
5434,Ram Horn,Drake Xelacroix,200,99,2023-11-14T11:15:01.000Z,https://universalis.app/market/5434
1607,Brass Bastard Sword,Sorsha Tears,15000,1,2023-11-21T06:21:17.000Z,https://universalis.app/market/1607
5063,Brass Ingot,Edston Barrows,5250,1,2023-11-07T13:02:22.000Z,https://universalis.app/market/5063
1609,Brass Viking Sword,Issu Alloces,1000,1,2023-11-01T00:40:41.000Z,https://universalis.app/market/1609
5277,Aldgoat Leather,Aizileona Gethmara,20000,2,2023-11-11T03:39:40.000Z,https://universalis.app/market/5277
1611,Carnage Sword,Xavi Lastname,1000,1,2023-11-05T08:52:59.000Z,https://universalis.app/market/1611
1614,Iron Shortsword,Nell Higgins,5000,1,2023-11-02T22:35:21.000Z,https://universalis.app/market/1614
5057,Iron Ingot,Haru Takayama,1000,15,2023-11-03T23:07:54.000Z,https://universalis.app/market/5057
5367,Elm Lumber,Shiki Serene,600,14,2023-11-12T01:00:43.000Z,https://universalis.app/market/5367
1622,Iron Spatha,Nell Higgins,4019,1,2023-11-05T15:32:00.000Z,https://universalis.app/market/1622
5435,Antelope Horn,Lilian Kenesis,1501,1,2023-11-05T23:30:09.000Z,https://universalis.app/market/5435
1625,Steel Broadsword,Gator Nim,12000,1,2023-11-20T04:50:58.000Z,https://universalis.app/market/1625
5058,Steel Ingot,Lilymarie Bean,10000,2,2023-11-16T06:00:17.000Z,https://universalis.app/market/5058
5371,Walnut Lumber,Helix Nova,4000,1,2023-11-17T15:06:09.000Z,https://universalis.app/market/5371
5444,Wolf Fang,Chris Sharkbait,995,1,2023-11-03T08:48:05.000Z,https://universalis.app/market/5444
1627,Elm Macuahuitl,Astrea Ghost,828,1,2023-11-15T04:21:43.000Z,https://universalis.app/market/1627
1633,Steel Falchion,Alathiel Mewrilah,20000,1,2023-11-14T23:52:05.000Z,https://universalis.app/market/1633
5260,Siltstone Whetstone,Tera Shell,4000,1,2023-11-20T22:07:50.000Z,https://universalis.app/market/5260
1635,Vintage Bastard Sword,Gareth Howlett,10000,1,2023-11-04T20:51:48.000Z,https://universalis.app/market/1635
8,Fire Crystal,Dread Spawn,85,1000,2023-11-05T01:28:46.000Z,https://universalis.app/market/8
5259,Mudstone Whetstone,Suave Thewise,6000,2,2023-11-17T15:52:23.000Z,https://universalis.app/market/5259
1637,Walnut Macuahuitl,Divinix Windstar,7497,1,2023-11-08T22:52:22.000Z,https://universalis.app/market/1637
5125,Wyvern Obsidian,Mephisto Baelfire,300,73,2023-10-30T16:49:20.000Z,https://universalis.app/market/5125
1639,Steel Longsword,Oberon Yllavaris,40000,1,2023-11-01T02:34:14.000Z,https://universalis.app/market/1639
5504,Fish Glue,Titan Tiddies,3000,10,2023-11-12T01:09:53.000Z,https://universalis.app/market/5504
1613,Blunt Goblin Scimitar,Lune Marpierre,2898,1,2023-11-03T07:06:05.000Z,https://universalis.app/market/1613
1643,Mythril Broadsword,Razeluxe Zenalith,15000,1,2023-10-30T20:25:23.000Z,https://universalis.app/market/1643
5065,Mythril Ingot,Michael Hatsune,2400,10,2023-11-25T17:43:47.000Z,https://universalis.app/market/5065
5373,Oak Lumber,Cielle Carrilaut,3000,1,2023-11-25T21:57:02.000Z,https://universalis.app/market/5373
1648,Vintage Viking Sword,Meter Griffin,35000,1,2023-11-12T19:28:10.000Z,https://universalis.app/market/1648
11,Earth Crystal,Emperor Lee,80,1000,2023-11-05T06:29:53.000Z,https://universalis.app/market/11
1649,Goblin Longsword,Eith Neir,19000,1,2023-10-29T22:03:05.000Z,https://universalis.app/market/1649
5262,Basilisk Whetstone,Arylwren Farstrider,3500,1,2023-11-22T01:08:29.000Z,https://universalis.app/market/5262
1650,Plumed Oak Macuahuitl,Saedis Games,3000,1,2023-10-30T00:44:55.000Z,https://universalis.app/market/1650
5360,Wildfowl Feather,Bellatrix Moonchild,3000,2,2023-11-11T21:58:34.000Z,https://universalis.app/market/5360
1657,Cobalt Katzbalger,Bethov Thy,19000,1,2023-11-14T03:52:48.000Z,https://universalis.app/market/1657
5059,Cobalt Ingot,Pink Floyd',2500,10,2023-11-05T02:34:38.000Z,https://universalis.app/market/5059
5066,Electrum Ingot,Lysette Vissalia,3500,20,2023-11-23T11:15:33.000Z,https://universalis.app/market/5066
5282,Boar Leather,Mannapause Floe,5000,1,2023-11-11T15:42:00.000Z,https://universalis.app/market/5282
1659,Cobalt Shamshir,Adia Amaya,49999,1,2023-11-13T03:03:33.000Z,https://universalis.app/market/1659
5436,Aldgoat Horn,Jagged Fel,1000,2,2023-11-11T09:40:47.000Z,https://universalis.app/market/5436
1663,Cobalt Winglet,Veles Arca,49999,1,2023-11-17T02:01:20.000Z,https://universalis.app/market/1663
5374,Mahogany Lumber,Slarti Bartfast,3500,1,2023-11-04T04:19:25.000Z,https://universalis.app/market/5374
5465,Sunrise Tellin,Air Eeo,989,6,2023-11-22T21:57:07.000Z,https://universalis.app/market/5465
5505,Horn Glue,Apollo Luna,10600,1,2023-11-24T11:39:32.000Z,https://universalis.app/market/5505
1666,Giantsgall Longsword,Eley Lalafeley,12749,1,2023-11-15T03:11:33.000Z,https://universalis.app/market/1666
18,Lightning Cluster,Amber Wood,250,500,2023-11-12T01:59:38.000Z,https://universalis.app/market/18
19,Water Cluster,Aziel Yotsune,460,250,2023-11-10T02:25:42.000Z,https://universalis.app/market/19
7620,Diluted Vitriol,Estelle Bright,398,17,2023-11-05T20:54:31.000Z,https://universalis.app/market/7620
1670,Aeolian Scimitar,Alester Jeager,149473,1,2023-11-12T23:23:33.000Z,https://universalis.app/market/1670
1636,Blunt Aeolian Scimitar,Taku Waku,720,1,2023-11-05T00:19:06.000Z,https://universalis.app/market/1636
5061,Darksteel Nugget,Sunrise Lockhart,7000,1,2023-11-18T06:02:57.000Z,https://universalis.app/market/5061
1673,Mailbreaker,Cat Tippings,4500,1,2023-11-24T23:37:04.000Z,https://universalis.app/market/1673
14,Fire Cluster,E'thvell Forta,155,300,2023-11-19T01:28:30.000Z,https://universalis.app/market/14
17,Earth Cluster,Ultima Stormbringer,200,50,2023-11-24T21:31:53.000Z,https://universalis.app/market/17
5068,Rose Gold Nugget,Keygon Drakenguard,100000,1,2023-11-25T18:52:48.000Z,https://universalis.app/market/5068
5288,Hippogryph Leather,Orion Wil'o,30000,1,2023-11-16T03:12:31.000Z,https://universalis.app/market/5288
5570,Mailbreaker Blade,Thryn Ofthemoonlitcat,2500,2,2023-11-21T08:25:55.000Z,https://universalis.app/market/5570
1681,Bone Hora,Kem Chuoi,19750,1,2023-11-23T19:05:19.000Z,https://universalis.app/market/1681
5318,Animal Sinew,Titan Tiddies,200,4,2023-11-11T15:44:04.000Z,https://universalis.app/market/5318
1682,Leather Himantes,Mide Mizuki,6000,1,2023-11-11T20:30:41.000Z,https://universalis.app/market/1682
5324,Undyed Hempen Cloth,Azathiel Claywork,350,3,2023-10-30T15:12:04.000Z,https://universalis.app/market/5324
1683,Ramhorn Claws,Lydia Bailey,7990,1,2023-11-09T22:34:20.000Z,https://universalis.app/market/1683
1684,Bronze Knuckles,Zephyr Ridel,3000,1,2023-11-01T21:27:32.000Z,https://universalis.app/market/1684
1685,Hard Leather Himantes,Lord Lunchingtin,190,1,2023-11-02T10:06:11.000Z,https://universalis.app/market/1685
1686,Brass Knuckles,Tiugh Athair,5014,1,2023-11-02T01:42:13.000Z,https://universalis.app/market/1686
1688,Goatskin Cesti,Nezuko Urokodaki,2000,1,2023-11-01T00:03:06.000Z,https://universalis.app/market/1688
5319,Beast Sinew,Seph Delarosa,1000,4,2023-11-25T00:39:33.000Z,https://universalis.app/market/5319
5072,Iron Plate,Sei'gi King,900,2,2023-11-06T00:47:31.000Z,https://universalis.app/market/5072
1697,Toadskin Cesti,Mikha Magala,6025,1,2023-11-11T03:43:54.000Z,https://universalis.app/market/1697
5280,Toad Leather,Sidon Bearpants,70001,61,2023-11-21T04:23:30.000Z,https://universalis.app/market/5280
5320,Diremite Sinew,Potato Plato,850,2,2023-11-17T17:01:46.000Z,https://universalis.app/market/5320
1699,Steel Claws,Vendro Bloodstorm,6000,1,2023-10-31T00:02:03.000Z,https://universalis.app/market/1699
5073,Steel Plate,Surly Panther,1500,3,2023-10-31T00:29:08.000Z,https://universalis.app/market/5073
1706,Crabshell Hora,Strider Strix,19950,1,2023-10-31T02:13:47.000Z,https://universalis.app/market/1706
5321,Hippogryph Sinew,Otis Sosotis,1000,2,2023-11-24T23:56:02.000Z,https://universalis.app/market/5321
5456,Green Megalocrab Shell,Tang Tang,501,1,2023-11-17T02:57:54.000Z,https://universalis.app/market/5456
1708,Boarskin Himantes,Hylaria Eldergleam,64500,1,2023-11-08T11:54:47.000Z,https://universalis.app/market/1708
5079,Mythril Plate,Remi Malqir,3000,1,2023-11-01T18:05:56.000Z,https://universalis.app/market/5079
5322,Raptor Sinew,Sa'ab Draken,400000,1,2023-11-06T06:58:52.000Z,https://universalis.app/market/5322
5458,Adamantoise Shell,Remi Malqir,1,44,2023-10-31T02:47:08.000Z,https://universalis.app/market/5458
1723,Cobalt Knuckles,Cezi Lotye,49999,1,2023-11-15T02:19:04.000Z,https://universalis.app/market/1723
5284,Peiste Leather,Emperor Lee,1197,1,2023-11-04T04:48:56.000Z,https://universalis.app/market/5284
1732,Vintage Hora,Cain Tennos,10110,1,2023-10-29T23:43:00.000Z,https://universalis.app/market/1732
1701,Chipped Hora,Averil Zenith,2490,1,2023-11-09T04:51:49.000Z,https://universalis.app/market/1701
5285,Raptor Leather,A'lyn Jhari,1002,33,2023-11-10T19:48:30.000Z,https://universalis.app/market/5285
1733,Cobalt Claws,Caroline Varlineau,9998,1,2023-10-31T13:31:11.000Z,https://universalis.app/market/1733
5074,Cobalt Plate,Sorsha Bavmorda,5000,2,2023-11-15T09:44:29.000Z,https://universalis.app/market/5074
1736,Giantsgall Claws,Jean Boltguard,4000,1,2023-10-29T18:04:01.000Z,https://universalis.app/market/1736
1740,Wildling's Cesti,Eyoon Midori,72799,1,2023-11-03T19:48:35.000Z,https://universalis.app/market/1740
10,Wind Crystal,Thistle Odeng,175,55,2023-11-08T20:02:38.000Z,https://universalis.app/market/10
5567,Bloody Cesti Covers,Didrianna Winterset,2000,1,2023-11-02T01:25:23.000Z,https://universalis.app/market/5567
1743,Avengers,Daddy Oats,6963,1,2023-11-07T00:15:13.000Z,https://universalis.app/market/1743
5378,Spruce Lumber,Bellatrix Moonchild,10002,1,2023-11-21T23:44:20.000Z,https://universalis.app/market/5378
5571,Avenger Grips,Youspoony Bard,2720,1,2023-11-06T03:58:59.000Z,https://universalis.app/market/5571
1750,Bronze War Axe,Menel Hollowmoon,440000000,1,2023-10-29T03:58:20.000Z,https://universalis.app/market/1750
1751,Bronze Labrys,Zephyr Ridel,230,1,2023-10-29T20:05:43.000Z,https://universalis.app/market/1751
1752,Cloud Axe,Grimm Crynyx,200,1,2023-11-16T22:51:24.000Z,https://universalis.app/market/1752
1753,Spiked Bronze Labrys,Neko Sam,4500,1,2023-10-31T16:43:45.000Z,https://universalis.app/market/1753
1754,Iron War Axe,Riku Agatsuma,7000,1,2023-11-17T01:50:46.000Z,https://universalis.app/market/1754
1756,Iron Labrys,Otter Alloces,14799,1,2023-11-19T08:43:50.000Z,https://universalis.app/market/1756
1758,Inferno Axe,Riku Agatsuma,2170,1,2023-11-17T05:31:38.000Z,https://universalis.app/market/1758
1764,Iron Bill,Yahara River,5000,1,2023-10-30T23:23:21.000Z,https://universalis.app/market/1764
4856,Clove Oil,Sei'gi King,3500,5,2023-11-05T23:54:23.000Z,https://universalis.app/market/4856
5368,Yew Lumber,Able Orga,4500,4,2023-11-10T14:08:45.000Z,https://universalis.app/market/5368
1766,Thunderstorm Axe,Maosera Yorha,3000,1,2023-11-08T06:11:28.000Z,https://universalis.app/market/1766
5064,Silver Ingot,Tate Tate,4000,1,2023-11-03T16:37:51.000Z,https://universalis.app/market/5064
1769,Spiked Steel Labrys,C'kuteh Waadla,9000,1,2023-11-06T01:42:44.000Z,https://universalis.app/market/1769
1776,Steel Bardiche,Potato Plato,15000,1,2023-11-05T00:48:09.000Z,https://universalis.app/market/1776
5405,Yew Branch,Paryn Shin,301,8,2023-11-04T13:31:46.000Z,https://universalis.app/market/5405
1778,Steel Bhuj,Adia Amaya,39999,1,2023-11-12T23:12:26.000Z,https://universalis.app/market/1778
1781,Spiked Mythril Labrys,Sylvia Cooper,20000,1,2023-11-16T07:58:33.000Z,https://universalis.app/market/1781
1786,Mythril Bhuj,Ven Oronir,27999,1,2023-11-24T02:45:57.000Z,https://universalis.app/market/1786
1796,Buccaneer's Bardiche,Athena Solace,39999,1,2023-11-11T19:07:36.000Z,https://universalis.app/market/1796
5414,Rosewood Branch,Kuina Dogtooth,101,9,2023-10-30T00:48:01.000Z,https://universalis.app/market/5414
1800,Vintage Bill,Ven Oronir,35000,1,2023-11-24T23:35:46.000Z,https://universalis.app/market/1800
1801,Demilune Bhuj,Pandora Jade,40000,1,2023-11-17T03:00:17.000Z,https://universalis.app/market/1801
5196,Jadeite,Kadenza Teufel,2222,2,2023-11-17T01:28:09.000Z,https://universalis.app/market/5196
1803,Spiked Cobalt Labrys,Niara Everdawn,18000,1,2023-10-29T21:53:48.000Z,https://universalis.app/market/1803
5376,Rosewood Lumber,Kae Linn,3500,1,2023-11-05T00:49:59.000Z,https://universalis.app/market/5376
1806,Giantsgall War Axe,Sonya Roda,6000,1,2023-11-07T03:13:51.000Z,https://universalis.app/market/1806
1810,Barbarian's Bardiche,Gogoke Goke,67995,1,2023-11-12T23:06:28.000Z,https://universalis.app/market/1810
5566,Bloody Bardiche Head,Isa Yoruichi,3016,1,2023-11-03T16:33:45.000Z,https://universalis.app/market/5566
1813,Rampager,Dark Zetsu,5000,1,2023-11-05T03:21:19.000Z,https://universalis.app/market/1813
5075,Darksteel Plate,Dark Sunshine,6000,4,2023-11-13T04:04:10.000Z,https://universalis.app/market/5075
5572,Rampager Head,Thryn Ofthemoonlitcat,2500,2,2023-11-21T08:26:23.000Z,https://universalis.app/market/5572
1820,Bone Harpoon,Snooze Time,2000,1,2023-11-06T22:37:26.000Z,https://universalis.app/market/1820
5503,Animal Glue,Dream Scythe,222,1,2023-11-16T23:24:10.000Z,https://universalis.app/market/5503
1821,Bronze Spear,Icarus Sundragon,9450,1,2023-11-21T00:22:28.000Z,https://universalis.app/market/1821
5482,Fish Oil,Azisare Tepet,801,5,2023-11-17T02:46:18.000Z,https://universalis.app/market/5482
1822,Ramhorn Harpoon,Genevieve Dubois,7000,1,2023-11-08T00:04:15.000Z,https://universalis.app/market/1822
1823,Feathered Harpoon,Zephyr Ridel,10000,1,2023-10-29T13:15:01.000Z,https://universalis.app/market/1823
5352,Crow Feather,Yunga Shannara,800,10,2023-10-29T02:10:16.000Z,https://universalis.app/market/5352
5433,Soiled Femur,Cara Velli,444,3,2023-11-18T10:54:26.000Z,https://universalis.app/market/5433
1824,Brass Spear,Riku Agatsuma,800,1,2023-11-18T19:56:35.000Z,https://universalis.app/market/1824
1825,Iron Spear,Shoko Ieiri,5012,1,2023-11-11T13:45:41.000Z,https://universalis.app/market/1825
1827,Iron Lance,Naomi Kusakari,99999,1,2023-11-20T01:48:42.000Z,https://universalis.app/market/1827
1833,Iron Guisarme,Mephisto Baelfire,2499,1,2023-10-30T16:52:41.000Z,https://universalis.app/market/1833
1836,Silver Battle Fork,King Vill,2970,1,2023-11-17T03:47:49.000Z,https://universalis.app/market/1836
5484,Crab Oil,L' Kozu,5999,2,2023-11-19T12:28:56.000Z,https://universalis.app/market/5484
1838,Steel Halberd,Conc Blast,5000,1,2023-11-03T23:28:43.000Z,https://universalis.app/market/1838
1845,Steel Spear,Cain Tennos,10000,1,2023-11-01T00:15:52.000Z,https://universalis.app/market/1845
1847,Heavy Steel Lance,Strider Strix,15000,1,2023-11-09T02:50:33.000Z,https://universalis.app/market/1847
1850,Yarzonshell Harpoon,Beren Orome,10000,1,2023-11-11T13:52:34.000Z,https://universalis.app/market/1850
5454,Yellow Yarzon Leg,Hue Mann,51,2,2023-11-20T07:38:45.000Z,https://universalis.app/market/5454
1855,Mythril Lance,Conc Blast,50000,1,2023-11-03T23:28:58.000Z,https://universalis.app/market/1855
1862,Cobalt Halberd,Ronni Ray,65000,1,2023-11-23T17:44:10.000Z,https://universalis.app/market/1862
1867,Cobalt Trident,Rhev Djt-gilda,5000,1,2023-11-03T19:19:35.000Z,https://universalis.app/market/1867
5486,Shark Oil,Izayoi Hattori,4444,1,2023-11-09T01:43:38.000Z,https://universalis.app/market/5486
1871,Vintage Guisarme,Cyberia Wyrd,5000,1,2023-11-22T12:47:19.000Z,https://universalis.app/market/1871
9,Ice Crystal,Llityer Haneli,998,200,2023-11-11T20:08:34.000Z,https://universalis.app/market/9
1872,Hart Guisarme,Questra Djt-nong,10000,1,2023-11-10T17:43:59.000Z,https://universalis.app/market/1872
1875,Giantsgall Trident,Hobie Overheaven,8000,1,2023-10-30T22:35:18.000Z,https://universalis.app/market/1875
1879,Champion's Lance,Ringdald Magic,49899,1,2023-10-29T22:47:38.000Z,https://universalis.app/market/1879
5565,Bloody Lance Head,Ms Eldari,3016,1,2023-10-30T11:15:58.000Z,https://universalis.app/market/5565
1882,Obelisk,Sonya Roda,4499,1,2023-11-01T07:01:32.000Z,https://universalis.app/market/1882
5573,Obelisk Head,Thryn Ofthemoonlitcat,2400,2,2023-11-21T08:26:34.000Z,https://universalis.app/market/5573
1891,Maple Shortbow,Takemikazuchi Ak,4974,1,2023-11-08T20:43:32.000Z,https://universalis.app/market/1891
5333,Hempen Yarn,A'tsuko Rei,500,14,2023-11-14T02:47:44.000Z,https://universalis.app/market/5333
1892,Maple Longbow,Aya Loha,750,1,2023-11-06T21:43:38.000Z,https://universalis.app/market/1892
5396,Maple Branch,B'alih Tiartry,80000000,1,2023-10-29T05:48:53.000Z,https://universalis.app/market/5396
1893,Plumed Maple Shortbow,Maretia Deltrali,424,1,2023-11-11T21:02:35.000Z,https://universalis.app/market/1893
5351,Cock Feather,Kirbly Durbly,199,9,2023-10-30T05:48:29.000Z,https://universalis.app/market/5351
1894,Wrapped Maple Longbow,Zelda Faye,210,1,2023-11-06T02:33:26.000Z,https://universalis.app/market/1894
5402,Ash Branch,Fox Warbird,475,10,2023-11-17T13:15:23.000Z,https://universalis.app/market/5402
1895,Ash Shortbow,Art Fray,500000,1,2023-11-19T17:43:18.000Z,https://universalis.app/market/1895
1897,Elm Longbow,Tiugh Athair,5000,1,2023-11-01T02:45:52.000Z,https://universalis.app/market/1897
5334,Cotton Yarn,Nosam Yesma'am,299,1,2023-11-01T23:34:02.000Z,https://universalis.app/market/5334
1899,Elm Velocity Bow,Ahsook Dailow,11999,1,2023-11-13T09:15:42.000Z,https://universalis.app/market/1899
1905,Wrapped Elm Longbow,Molly Blossom,875,1,2023-11-13T01:45:48.000Z,https://universalis.app/market/1905
1908,Ash Composite Bow,Kitteh Darwin,7000,1,2023-11-18T09:16:21.000Z,https://universalis.app/market/1908
1915,Ash Cavalry Bow,Fialova Bobule,10000,1,2023-11-16T20:34:30.000Z,https://universalis.app/market/1915
5409,Oak Branch,Mykhala Whiteflame,700,10,2023-11-16T00:11:00.000Z,https://universalis.app/market/5409
1917,Oak Longbow,Diamond Bellamy,30000,1,2023-11-13T20:46:30.000Z,https://universalis.app/market/1917
5336,Linen Yarn,Lilian Kenesis,5000,10,2023-11-06T10:20:33.000Z,https://universalis.app/market/5336
1920,Mythril Cavalry Bow,Mephisto Baelfire,30000,1,2023-11-05T17:07:40.000Z,https://universalis.app/market/1920
1925,Oak Composite Bow,Mikha Magala,45000,1,2023-11-05T06:01:00.000Z,https://universalis.app/market/1925
1932,Cobalt Cavalry Bow,Aro Godo,74000,1,2023-11-13T10:32:15.000Z,https://universalis.app/market/1932
1937,Yew Longbow,Aro Godo,70000,1,2023-11-20T13:42:29.000Z,https://universalis.app/market/1937
1941,Vintage Bow,Saki Takamine,7985,1,2023-11-08T04:09:32.000Z,https://universalis.app/market/1941
1942,Crab Bow,Darth Adriano,49999,1,2023-11-17T14:52:59.000Z,https://universalis.app/market/1942
5462,Red Coral,Phae A'leone,5000,3,2023-10-30T01:38:05.000Z,https://universalis.app/market/5462
1945,Giantsgall Longbow,Wynd Willow,1150,1,2023-11-04T23:11:32.000Z,https://universalis.app/market/1945
1949,Longarm's Composite Bow,Nakia Uchiha,100000,1,2023-11-04T06:35:33.000Z,https://universalis.app/market/1949
5568,Bloody Bow Rim,Didrianna Winterset,2000,1,2023-11-02T01:25:29.000Z,https://universalis.app/market/5568
1953,Sarnga,Mia Lo,5162,1,2023-11-05T03:55:59.000Z,https://universalis.app/market/1953
15,Ice Cluster,Muffin Oftin,5000,1,2023-11-18T06:54:15.000Z,https://universalis.app/market/15
16,Wind Cluster,Sophie Meadowbrook,1001,4,2023-11-21T00:31:28.000Z,https://universalis.app/market/16
5574,Sarnga Limb,Thryn Ofthemoonlitcat,2395,2,2023-11-21T08:26:41.000Z,https://universalis.app/market/5574
1958,Maple Wand,A' Crow,10000,1,2023-10-29T00:59:57.000Z,https://universalis.app/market/1958
6,Lightning Shard,Renren Seavile,800,200,2023-11-07T19:01:25.000Z,https://universalis.app/market/6
7,Water Shard,Robin Dragon,175,55,2023-11-06T04:14:45.000Z,https://universalis.app/market/7
5470,Growth Formula Alpha,Odaedo Atara,3000,1,2023-11-21T20:55:18.000Z,https://universalis.app/market/5470
1959,Whispering Maple Wand,Mikha Magala,10004,1,2023-11-14T00:42:42.000Z,https://universalis.app/market/1959
1960,Budding Maple Wand,Zani Andorien,2500,1,2023-11-25T00:19:35.000Z,https://universalis.app/market/1960
5492,Beastkin Blood,Thorn Pathwalker,42,50,2023-11-06T23:40:50.000Z,https://universalis.app/market/5492
1961,Ash Wand,Nell Higgins,15000,1,2023-11-08T12:53:34.000Z,https://universalis.app/market/1961
5471,Growth Formula Beta,Thestalos Pendragon,2500,1,2023-10-30T19:40:45.000Z,https://universalis.app/market/5471
1963,Budding Ash Wand,Red Beanbunbun,5000,1,2023-10-30T00:06:57.000Z,https://universalis.app/market/1963
1965,Whispering Ash Wand,Ishtar Anastasia,3499,1,2023-10-30T02:13:09.000Z,https://universalis.app/market/1965
5493,Scalekin Blood,Akuma Mir,2000,2,2023-11-05T00:16:58.000Z,https://universalis.app/market/5493
1967,Yew Wand,Anna Elpida,9500,1,2023-11-01T13:15:59.000Z,https://universalis.app/market/1967
1969,Budding Yew Wand,Gator Nim,9999,1,2023-11-05T06:51:49.000Z,https://universalis.app/market/1969
1971,Budding Oak Wand,Beer Pup,18000,1,2023-11-07T22:30:11.000Z,https://universalis.app/market/1971
4603,Hi-Potion of Mind,Khang Nguyen,1000,3,2023-10-29T19:33:45.000Z,https://universalis.app/market/4603
1974,Wand of Frost,Keygon Drakenguard,37000,1,2023-10-30T03:45:26.000Z,https://universalis.app/market/1974
5199,Eye of Ice,Fon Doom,45,2,2023-11-02T22:50:27.000Z,https://universalis.app/market/5199
5472,Growth Formula Gamma,Khang Nguyen,15000,5,2023-10-29T19:35:29.000Z,https://universalis.app/market/5472
1976,Wand of Tremors,Hydro Xander,44000,1,2023-10-30T23:34:31.000Z,https://universalis.app/market/1976
5201,Eye of Earth,Nhitel Merry,102,3,2023-11-10T18:56:11.000Z,https://universalis.app/market/5201
1978,Wand of Tides,Prissy Bunbun,32000,1,2023-11-22T01:29:33.000Z,https://universalis.app/market/1978
5203,Eye of Water,Azrael Starblaze,98,5,2023-11-12T04:53:14.000Z,https://universalis.app/market/5203
1981,Wand of Flames,Zero Windstalker,1000,1,2023-10-30T05:52:11.000Z,https://universalis.app/market/1981
5198,Eye of Fire,Kuro Anaideia,799,29,2023-11-18T20:37:01.000Z,https://universalis.app/market/5198
1983,Wand of Gales,Arinasai Rokuyari,6900,1,2023-10-29T16:05:46.000Z,https://universalis.app/market/1983
5200,Eye of Wind,Vee Azrail,240,1,2023-10-30T10:49:18.000Z,https://universalis.app/market/5200
5202,Eye of Lightning,Lilian Kenesis,10,1,2023-11-09T10:27:43.000Z,https://universalis.app/market/5202
1987,Budding Rosewood Wand,Sigemund Orino,59999,1,2023-10-29T21:37:40.000Z,https://universalis.app/market/1987
4608,Mega-Potion of Mind,Gerald Ridea,8000,1,2023-11-07T16:10:21.000Z,https://universalis.app/market/4608
5494,Spoken Blood,Sophie Meadowbrook,3200,31,2023-11-18T00:58:44.000Z,https://universalis.app/market/5494
1996,Maple Cane,Takemikazuchi Ak,8000,1,2023-11-19T18:24:14.000Z,https://universalis.app/market/1996
1997,Maple Crook,Mikha Magala,25000,1,2023-11-02T03:30:08.000Z,https://universalis.app/market/1997
1998,Ash Radical,Shoko Ieiri,2500,1,2023-11-10T16:29:28.000Z,https://universalis.app/market/1998
2000,Elm Cane,Oblevee Kaisuri,5000,1,2023-11-21T00:10:49.000Z,https://universalis.app/market/2000
2002,Elm Crook,Rajah Gemini,99,1,2023-11-18T21:59:42.000Z,https://universalis.app/market/2002
2004,Yew Radical,Ser Snow,3990,1,2023-11-09T05:31:44.000Z,https://universalis.app/market/2004
2010,Pastoral Yew Cane,Aizen Margrace,100,1,2023-11-17T02:31:07.000Z,https://universalis.app/market/2010
2011,Yew Crook,Aisuru Tenshi,4000,1,2023-11-08T01:48:40.000Z,https://universalis.app/market/2011
2015,Walnut Cane,Plot Twist,29999,1,2023-11-10T09:15:15.000Z,https://universalis.app/market/2015
2021,Plumed Yew Crook,Lydia Bailey,7500,1,2023-11-23T01:10:22.000Z,https://universalis.app/market/2021
2023,Oak Radical,Oberon Yllavaris,20000,1,2023-11-01T02:34:05.000Z,https://universalis.app/market/2023
2026,Pastoral Oak Cane,Vanessa Stormwind,20000,1,2023-10-30T21:48:40.000Z,https://universalis.app/market/2026
2030,Sprouting Rosewood Radical,Gator Nim,40000,1,2023-11-20T04:50:44.000Z,https://universalis.app/market/2030
2039,Jade Crook,Ronni Ray,149999,1,2023-11-23T17:44:21.000Z,https://universalis.app/market/2039
2041,Vintage Cane,Zakfane Entreri,35000,1,2023-11-14T00:05:54.000Z,https://universalis.app/market/2041
2014,Splintered Cane,Mar'tin Wysteria,300,1,2023-10-31T00:19:41.000Z,https://universalis.app/market/2014
2044,Pastoral Mahogany Cane,Caroline Varlineau,5000,1,2023-10-29T20:47:10.000Z,https://universalis.app/market/2044
5335,Dew Thread,Pansy Tinyfoot,4000,1,2023-11-21T01:43:26.000Z,https://universalis.app/market/5335
2047,Tane Mahuta,Haru Takayama,23000,1,2023-11-12T22:58:26.000Z,https://universalis.app/market/2047
5555,Ochu Vine,Yun Kai,2500,5,2023-11-04T08:34:33.000Z,https://universalis.app/market/5555
2048,Giantsgall Cane,Norton Campbell,2975,1,2023-11-02T20:11:11.000Z,https://universalis.app/market/2048
2049,Madman's Whispering Rod,Titan Tiddies,88498,1,2023-11-07T16:52:41.000Z,https://universalis.app/market/2049
12,Lightning Crystal,Clif Ardu,175,55,2023-10-29T11:52:43.000Z,https://universalis.app/market/12
13,Water Crystal,Llityer Haneli,175,55,2023-11-11T20:10:09.000Z,https://universalis.app/market/13
5473,Growth Formula Delta,Folly Crown,3995,2,2023-11-08T02:07:30.000Z,https://universalis.app/market/5473
5537,Thavnairian Mistletoe,Shin Silverspark,248,4,2023-11-03T07:27:07.000Z,https://universalis.app/market/5537
5547,Vampire Plant,Amethyst Dreamer,879,7,2023-11-05T17:14:56.000Z,https://universalis.app/market/5547
2051,Alkalurops,Hiraeth Verne,2763,1,2023-11-02T03:40:56.000Z,https://universalis.app/market/2051
5575,Suspended Trillium Flower,Yuyami Mori,2385,2,2023-11-13T08:07:05.000Z,https://universalis.app/market/5575
2056,Bone Brand,Catnip Lacroix,8000,1,2023-11-06T22:39:26.000Z,https://universalis.app/market/2056
5197,Marbled Eye,Jazmine Sweet,500,1,2023-11-15T02:43:32.000Z,https://universalis.app/market/5197
2057,Copper Scepter,Kohaku Kurohana,2000,1,2023-11-09T21:37:36.000Z,https://universalis.app/market/2057
5062,Copper Ingot,Vivian Vacuus,150,1,2023-11-04T18:51:27.000Z,https://universalis.app/market/5062
2058,Bronze Scepter,Beer Pup,2500,1,2023-11-15T05:33:22.000Z,https://universalis.app/market/2058
2059,Brass Cudgel,Michiru Rintaro,100,1,2023-10-30T12:56:43.000Z,https://universalis.app/market/2059
2061,Decorated Copper Scepter,Mephisto Baelfire,8000,1,2023-10-30T16:51:23.000Z,https://universalis.app/market/2061
5258,Ragstone Whetstone,Kasumi Sukehiro,5000,1,2023-11-13T18:07:56.000Z,https://universalis.app/market/5258
2063,Wind Brand,Nell Higgins,15000,1,2023-11-05T15:32:33.000Z,https://universalis.app/market/2063
2066,Ice Brand,Yum Cookies,2024,1,2023-11-13T14:20:21.000Z,https://universalis.app/market/2066
2069,Silver Scepter,Itaka Lua,25,1,2023-11-05T14:47:01.000Z,https://universalis.app/market/2069
5527,Brimstone,Raguel Dawnbringer,1000,19,2023-11-12T21:27:07.000Z,https://universalis.app/market/5527
2071,Earth Brand,Benge Calamity,30000,1,2023-11-15T05:20:48.000Z,https://universalis.app/market/2071
2076,Decorated Silver Scepter,Itaka Lua,1000,1,2023-11-06T13:58:52.000Z,https://universalis.app/market/2076
2078,Fire Brand,Revannah Rihl,29999,1,2023-11-20T21:35:25.000Z,https://universalis.app/market/2078
2083,Lightning Brand,Zaphyria Lantosi,9999,1,2023-10-29T16:39:21.000Z,https://universalis.app/market/2083
5489,Quicksilver,Princess Princess,856,24,2023-11-21T05:15:57.000Z,https://universalis.app/market/5489
2093,Vintage Cudgel,Azathiel Claywork,10000,1,2023-11-04T02:41:23.000Z,https://universalis.app/market/2093
5092,Iron Rivets,Ninako Fallheart,1999,99,2023-11-02T01:48:31.000Z,https://universalis.app/market/5092
2094,Water Brand,Brynhild Beard,5062,1,2023-11-24T07:29:30.000Z,https://universalis.app/market/2094
2097,Jade Scepter,Itaka Lua,6000,1,2023-11-08T09:24:55.000Z,https://universalis.app/market/2097
5168,Jade,Mephisto Baelfire,300,3,2023-11-10T23:11:29.000Z,https://universalis.app/market/5168
5439,Ogre Horn,Lavender Rose,400,13,2023-11-19T00:49:19.000Z,https://universalis.app/market/5439
2102,Sanguine Scepter,Abigail Frazier,89797,1,2023-10-30T19:08:57.000Z,https://universalis.app/market/2102
5206,Pinprick Pebble,Daia Nafaru,500,1,2023-11-13T06:23:38.000Z,https://universalis.app/market/5206
2106,Bone Staff,Beer Pup,10000,1,2023-11-02T04:11:53.000Z,https://universalis.app/market/2106
2107,Ramhorn Staff,Caleina Hidashi,10000,1,2023-11-11T22:14:14.000Z,https://universalis.app/market/2107
5442,Bat Fang,Luna Delraj,3500000,1,2023-11-20T03:41:31.000Z,https://universalis.app/market/5442
2109,Toothed Ramhorn Staff,Estelle Bright,3000,1,2023-11-09T02:42:23.000Z,https://universalis.app/market/2109
2111,Staghorn Staff,Only Fantasies,18777,1,2023-11-10T17:48:00.000Z,https://universalis.app/market/2111
2116,Sanguine Horn Staff,Lilly-rose Arynn,8000,1,2023-11-10T07:14:51.000Z,https://universalis.app/market/2116
2118,Toothed Staghorn Staff,Nell Higgins,5000,1,2023-11-08T12:52:49.000Z,https://universalis.app/market/2118
2121,Goathorn Staff,Brianna Soltera,10000,1,2023-10-29T02:30:00.000Z,https://universalis.app/market/2121
2123,Toothed Goathorn Staff,Questra Djt-nong,60000,1,2023-10-29T15:51:17.000Z,https://universalis.app/market/2123
2125,Horn Staff,Nova Astrophel,39999,1,2023-11-05T07:59:57.000Z,https://universalis.app/market/2125
2130,Black Horn Staff,Agent Undercover,8500,1,2023-11-23T20:14:36.000Z,https://universalis.app/market/2130
2133,Ivory Staff,Ouka Ootori,39999,1,2023-11-18T03:01:44.000Z,https://universalis.app/market/2133
2136,Giantsgall Longstaff,Sulia Beaugard,7500,1,2023-11-01T02:23:34.000Z,https://universalis.app/market/2136
2139,Astrolabe,Goosebert Manderville,1500,1,2023-11-04T00:19:44.000Z,https://universalis.app/market/2139
5576,Astrolabe Clinometer,Cedrik Winterbane,2099,1,2023-11-25T03:43:06.000Z,https://universalis.app/market/5576
2143,Leather Grimoire,Slamwise Bamgee,18000,1,2023-11-06T23:28:42.000Z,https://universalis.app/market/2143
5380,Maple Log,Nyohri Viyashe,150,24,2023-11-14T19:43:20.000Z,https://universalis.app/market/5380
5475,Enchanted Copper Ink,Mide Mizuki,480,1,2023-11-12T01:35:34.000Z,https://universalis.app/market/5475
2144,Maple Picatrix,Mikha Magala,4999,1,2023-11-12T22:56:39.000Z,https://universalis.app/market/2144
2145,Engraved Leather Grimoire,Nell Higgins,3333,1,2023-11-04T17:53:12.000Z,https://universalis.app/market/2145
5383,Ash Log,Nyohri Viyashe,775,15,2023-11-24T22:47:05.000Z,https://universalis.app/market/5383
2146,Ash Picatrix,Aerouant Pendragon,5000,1,2023-10-30T12:52:39.000Z,https://universalis.app/market/2146
2147,Hard Leather Grimoire,Yura Lie,9013,1,2023-11-13T03:38:09.000Z,https://universalis.app/market/2147
5385,Elm Log,Talisra Moonclaw,400,3,2023-11-14T16:39:48.000Z,https://universalis.app/market/5385
5476,Enchanted Iron Ink,Invoker Jack,468,2,2023-11-05T10:58:39.000Z,https://universalis.app/market/5476
2149,Engraved Hard Leather Grimoire,Oshun Aurora,9209,1,2023-11-11T11:01:05.000Z,https://universalis.app/market/2149
5386,Yew Log,Talisra Moonclaw,500,1,2023-11-14T16:39:37.000Z,https://universalis.app/market/5386
2151,Yew Picatrix,Tera Shell,10000,1,2023-11-04T12:27:09.000Z,https://universalis.app/market/2151
2156,Goatskin Grimoire,Violet Theirin,15000,1,2023-11-02T20:58:34.000Z,https://universalis.app/market/2156
5477,Enchanted Silver Ink,Invoker Jack,4332,2,2023-11-05T10:59:14.000Z,https://universalis.app/market/5477
2160,Engraved Goatskin Grimoire,Khang Nguyen,20000,1,2023-10-29T19:27:19.000Z,https://universalis.app/market/2160
5388,Walnut Log,Jagged Fel,400,1,2023-11-11T09:20:02.000Z,https://universalis.app/market/5388
2166,Book of Silver,Beer Pup,20000,1,2023-11-01T06:46:43.000Z,https://universalis.app/market/2166
5390,Oak Log,Nyx Severin,483,23,2023-11-08T22:23:14.000Z,https://universalis.app/market/5390
2169,Embossed Book of Silver,Beer Pup,65000,1,2023-11-06T02:56:39.000Z,https://universalis.app/market/2169
2174,Book of Mythril,Oberon Yllavaris,22000,1,2023-10-30T19:28:30.000Z,https://universalis.app/market/2174
5346,Flax,Eur Thumb,400,3,2023-11-24T03:32:15.000Z,https://universalis.app/market/5346
5478,Enchanted Mythril Ink,Chris Sharkbait,440,1,2023-11-18T03:48:11.000Z,https://universalis.app/market/5478
2184,Vintage Picatrix,Maya Chronormu,65000,1,2023-11-06T08:06:52.000Z,https://universalis.app/market/2184
2158,Brittle Picatrix,Chiull Malqir,9998,1,2023-11-09T17:05:55.000Z,https://universalis.app/market/2158
2185,Book of Electrum,Amaya Iriq,30099,1,2023-11-13T01:09:07.000Z,https://universalis.app/market/2185
5337,Woolen Yarn,Kassandra Kobayashi,10002,2,2023-11-01T04:31:10.000Z,https://universalis.app/market/5337
5393,Rosewood Log,Sunrise Lockhart,700,20,2023-11-17T07:32:28.000Z,https://universalis.app/market/5393
5479,Enchanted Electrum Ink,Khang Nguyen,42,25,2023-10-30T01:51:13.000Z,https://universalis.app/market/5479
2189,Embossed Book of Electrum,Ash Tayuun,60000,1,2023-11-08T00:59:00.000Z,https://universalis.app/market/2189
2193,Cantamina Thavnaria,Bhadd Yee,998,1,2023-11-15T11:00:18.000Z,https://universalis.app/market/2193
5481,Enchanted Rose Gold Ink,Thorn Pathwalker,10000,4,2023-11-09T17:54:07.000Z,https://universalis.app/market/5481
2194,Medica Thavnaria,Rikku Bigdong,3165,1,2023-10-29T20:45:57.000Z,https://universalis.app/market/2194
2201,Erudite's Picatrix of Healing,Annabelle Asmara,96999,1,2023-11-19T08:16:31.000Z,https://universalis.app/market/2201
5480,Enchanted Gold Ink,Rheina Cha,9000,1,2023-11-07T01:46:03.000Z,https://universalis.app/market/5480
5569,Bloody Grimoire Binding,Tabius Korinthos,3998,1,2023-11-03T20:35:24.000Z,https://universalis.app/market/5569
2202,Erudite's Picatrix of Casting,Celeste Lumineux,41999,1,2023-10-31T04:06:29.000Z,https://universalis.app/market/2202
2211,Deus Ex Verbis,Rhode Stone,1365,1,2023-11-08T01:53:12.000Z,https://universalis.app/market/2211
5338,Silk Thread,Limothi Frostwyght,2500,1,2023-10-30T02:44:51.000Z,https://universalis.app/market/5338
2212,Deus Ex Gratia,Kuin Sadi,1757,1,2023-11-04T14:59:42.000Z,https://universalis.app/market/2212
2219,Square Maple Shield,Clown Chan,128200000,1,2023-11-05T23:45:52.000Z,https://universalis.app/market/2219
5091,Bronze Rivets,Peach Shake,295,99,2023-11-14T21:16:34.000Z,https://universalis.app/market/5091
12524,Titanium Nugget,Ayolan Whiteflame,3000,4,2023-11-18T19:33:45.000Z,https://universalis.app/market/12524
12529,Titanium Rivets,Azazel Ischus,10000,3,2023-11-16T03:01:48.000Z,https://universalis.app/market/12529
12658,Dusk Leather,Jodhi Greywyr,390000,1,2023-10-29T03:03:12.000Z,https://universalis.app/market/12658
2226,Bronze Hoplon,Leucion Cross,20003,1,2023-11-03T20:36:03.000Z,https://universalis.app/market/2226
5071,Bronze Plate,Tempest Celest,1000,2,2023-11-15T03:00:21.000Z,https://universalis.app/market/5071
2228,Round Shield,Chika Hakari,10000000,1,2023-11-09T02:03:36.000Z,https://universalis.app/market/2228
2230,Bronze Scutum,Zephyr Ridel,7104,1,2023-10-30T21:29:07.000Z,https://universalis.app/market/2230
2231,Bronze Buckler,Can't Heal,4900,1,2023-11-09T01:55:28.000Z,https://universalis.app/market/2231
2233,Square Ash Shield,Estelle Bright,1007,1,2023-11-05T19:33:46.000Z,https://universalis.app/market/2233
2236,Iron Hoplon,Prissy Bunbun,31106,1,2023-11-16T20:02:05.000Z,https://universalis.app/market/2236
2238,Vintage Square Shield,Gator Nim,30000,1,2023-11-05T19:55:05.000Z,https://universalis.app/market/2238
4859,Cider Vinegar,Marza Ming,17,1,2023-11-12T16:47:54.000Z,https://universalis.app/market/4859
2239,Ironclad Bronze Buckler,Mage Reien,5000,1,2023-11-13T00:20:33.000Z,https://universalis.app/market/2239
2241,Iron Lantern Shield,Starlo Ray,200,1,2023-10-29T23:47:31.000Z,https://universalis.app/market/2241
5998,Tallow Candle,Aoie Ta'dawen,2000,1,2023-10-31T13:11:54.000Z,https://universalis.app/market/5998
2242,Iron Scutum,Seren Bancroft,695,1,2023-11-16T00:32:10.000Z,https://universalis.app/market/2242
2246,Viper-crested Round Shield,Estelle Bright,3000,1,2023-11-19T14:07:10.000Z,https://universalis.app/market/2246
2248,Iron Kite Shield,Mephisto Baelfire,25000,1,2023-11-05T17:08:36.000Z,https://universalis.app/market/2248
2250,Goatskin Targe,Sole Vesper,6666,1,2023-11-06T01:19:09.000Z,https://universalis.app/market/2250
5093,Steel Rivets,Surly Panther,9000,3,2023-10-31T00:31:51.000Z,https://universalis.app/market/5093
2257,Bull Hoplon,Aries Kahlok,15000,1,2023-11-20T06:40:58.000Z,https://universalis.app/market/2257
2260,Decorated Buckler,Nezuko Urokodaki,3995,1,2023-11-22T01:34:51.000Z,https://universalis.app/market/2260
2262,Decorated Iron Scutum,Valek Thunderfist,12999,1,2023-11-21T14:22:57.000Z,https://universalis.app/market/2262
2264,Vintage Buckler,Azathiel Claywork,7000,1,2023-11-05T07:17:32.000Z,https://universalis.app/market/2264
2268,Bladed Lantern Shield,Kiana Tyr,10000,1,2023-11-17T03:29:42.000Z,https://universalis.app/market/2268
2270,Raptorskin Targe,Riya Lionett,39999,1,2023-11-04T21:09:21.000Z,https://universalis.app/market/2270
5099,Mythril Rivets,Primula Heart,8800,1,2023-11-10T11:12:32.000Z,https://universalis.app/market/5099
2278,Vintage Scutum,Action Hank,14000,1,2023-11-04T02:47:16.000Z,https://universalis.app/market/2278
5094,Cobalt Rivets,Elhadrim Shepard,5979,7,2023-11-08T01:15:31.000Z,https://universalis.app/market/5094
2287,Eagle-crested Round Shield,Questra Djt-nong,9999,1,2023-11-07T14:49:43.000Z,https://universalis.app/market/2287
2289,Vintage Round Shield,Kaia Evenstar,745,1,2023-10-30T02:16:49.000Z,https://universalis.app/market/2289
5228,Ragstone,Ms Eldari,500,10,2023-11-13T23:08:53.000Z,https://universalis.app/market/5228
5517,Lanolin,Ahka'zi Jin,599,99,2023-11-19T04:46:25.000Z,https://universalis.app/market/5517
2296,Cobalt Bladed Lantern Shield,J'aminae Raja,10000,1,2023-11-09T06:04:26.000Z,https://universalis.app/market/2296
2298,Oxblood Targe,Ocular Ores,35000,1,2023-10-31T20:20:03.000Z,https://universalis.app/market/2298
2300,Vintage Kite Shield,Nahri Kinara,15000,1,2023-11-13T01:49:41.000Z,https://universalis.app/market/2300
2302,Darksteel Scutum,Minxie Kha,7000,1,2023-10-29T06:33:50.000Z,https://universalis.app/market/2302
5060,Darksteel Ingot,Grim Duck,9700,6,2023-11-14T23:46:41.000Z,https://universalis.app/market/5060
5095,Darksteel Rivets,Sumgal Arulaq,5000,99,2023-11-05T05:37:58.000Z,https://universalis.app/market/5095
2303,Darksteel Buckler,Nihilun Vale,2100,1,2023-11-02T01:33:53.000Z,https://universalis.app/market/2303
2304,Spruce Round Shield,Kaia Evenstar,2022,1,2023-10-30T02:16:17.000Z,https://universalis.app/market/2304
5379,Treated Spruce Lumber,Lucia Nanami,23888,2,2023-11-13T01:23:12.000Z,https://universalis.app/market/5379
2315,Bronze Saw,Zephyr Ridel,5000,1,2023-10-29T04:07:48.000Z,https://universalis.app/market/2315
2316,Amateur's Saw,Ryukuzo Wintersoul,5000,1,2023-11-08T01:57:25.000Z,https://universalis.app/market/2316
2317,Chocobotail Saw,Dampier Stoneheart,10000,1,2023-11-11T14:49:30.000Z,https://universalis.app/market/2317
2318,Initiate's Saw,Bror E'alis,8999,1,2023-11-06T05:11:20.000Z,https://universalis.app/market/2318
2319,Bas-relief Iron Saw,Arthur Sullivan,6000,1,2023-11-12T15:02:31.000Z,https://universalis.app/market/2319
2320,Iron Chocobotail Saw,Chiull Malqir,7000,1,2023-11-08T10:28:46.000Z,https://universalis.app/market/2320
2321,Bas-relief Steel Saw,Mikha Magala,9999,1,2023-11-03T06:03:54.000Z,https://universalis.app/market/2321
2322,Crosscut Saw,Gator Nim,5500,1,2023-11-19T19:38:07.000Z,https://universalis.app/market/2322
2323,Mythril Saw,Princess Princess,45000,1,2023-11-01T18:04:55.000Z,https://universalis.app/market/2323
2324,Mythril Chocobotail Saw,Divinix Windstar,11000,1,2023-11-16T04:03:38.000Z,https://universalis.app/market/2324
2325,Bas-relief Cobalt Saw,Divinix Windstar,125000,1,2023-11-17T05:06:58.000Z,https://universalis.app/market/2325
2328,Amateur's Claw Hammer,Icarus Sundragon,2000,1,2023-11-20T03:29:26.000Z,https://universalis.app/market/2328
2329,Bronze Claw Hammer,Sorrelia Blanchet,2000,1,2023-11-12T22:15:22.000Z,https://universalis.app/market/2329
2331,Iron Claw Hammer,Ashelia Lockheart,15000,1,2023-11-12T01:57:29.000Z,https://universalis.app/market/2331
5483,Jellyfish Humours,Autumn Dawn,800,7,2023-11-11T23:34:18.000Z,https://universalis.app/market/5483
2332,Initiate's Claw Hammer,Mikha Magala,3000,1,2023-11-03T05:49:40.000Z,https://universalis.app/market/2332
2334,Steel Claw Hammer,Beer Pup,10000,1,2023-11-06T20:29:10.000Z,https://universalis.app/market/2334
2335,Wrapped Steel Claw Hammer,Gc Gold,3500,1,2023-11-18T16:23:50.000Z,https://universalis.app/market/2335
5485,Linseed Oil,Sko'gar Ljon,3500,1,2023-11-03T19:42:25.000Z,https://universalis.app/market/5485
2337,Mythril Claw Hammer,Puren Highguard,4999,1,2023-11-11T20:15:44.000Z,https://universalis.app/market/2337
2338,Cobalt Claw Hammer,Kuro Augury,30000,1,2023-11-02T22:40:58.000Z,https://universalis.app/market/2338
2339,Militia Claw Hammer,Heavenly Blue,50000,1,2023-11-10T17:45:47.000Z,https://universalis.app/market/2339
2341,Bronze Cross-pein Hammer,Gator Nim,2300,1,2023-11-17T06:32:54.000Z,https://universalis.app/market/2341
2342,Amateur's Cross-pein Hammer,Gator Nim,5000,1,2023-11-17T06:28:40.000Z,https://universalis.app/market/2342
2343,Birdsbeak Hammer,Sophia Z'ee,1000,1,2023-11-03T19:52:10.000Z,https://universalis.app/market/2343
5325,Undyed Cotton Cloth,Nox Luna,1400,1,2023-11-13T22:21:52.000Z,https://universalis.app/market/5325
2344,Iron Cross-pein Hammer,Mykhala Whiteflame,5000,1,2023-11-15T21:28:15.000Z,https://universalis.app/market/2344
2345,Initiate's Cross-pein Hammer,Neko Femc,3000,1,2023-11-10T06:55:13.000Z,https://universalis.app/market/2345
2346,Crowsbeak Hammer,Bastien Camus,500,1,2023-11-14T05:15:45.000Z,https://universalis.app/market/2346
2347,Heavy Crowsbeak Hammer,Sylvia Cooper,500,1,2023-11-16T08:01:48.000Z,https://universalis.app/market/2347
2348,Steel Cross-pein Hammer,Mimi Martini,9500,1,2023-11-04T21:12:39.000Z,https://universalis.app/market/2348
5326,Undyed Velveteen,Kazarien Zerick,5000,5,2023-10-31T04:00:44.000Z,https://universalis.app/market/5326
2349,Steel Crowsbeak Hammer,Oberyn Highwind,30000,1,2023-11-21T00:39:25.000Z,https://universalis.app/market/2349
2350,Wrapped Crowsbeak Hammer,Kinji Hakari,39999,1,2023-11-12T17:48:15.000Z,https://universalis.app/market/2350
2351,Cobalt Cross-pein Hammer,Beefgael Slaveknight,15000,1,2023-11-13T01:54:20.000Z,https://universalis.app/market/2351
2352,Wrapped Hawksbeak Hammer,Catra Etheria,50000,1,2023-11-08T17:20:35.000Z,https://universalis.app/market/2352
2355,Amateur's File,Icarus Sundragon,2004,1,2023-11-16T04:03:53.000Z,https://universalis.app/market/2355
2358,Iron File,Arthur Sullivan,25000,1,2023-11-12T14:46:44.000Z,https://universalis.app/market/2358
2359,Initiate's File,Nezuko Urokodaki,15000,1,2023-11-18T03:35:14.000Z,https://universalis.app/market/2359
2361,Steel File,Nakia Uchiha,7500,1,2023-11-04T08:12:41.000Z,https://universalis.app/market/2361
2363,Mythril File,Conc Blast,31750,1,2023-11-04T03:12:20.000Z,https://universalis.app/market/2363
2364,Cobalt File,Catra Etheria,30000,1,2023-11-08T17:20:21.000Z,https://universalis.app/market/2364
2365,Militia File,Amber Satinlace,75000,1,2023-11-20T18:46:17.000Z,https://universalis.app/market/2365
2367,Bronze Doming Hammer,Everra Hastur,1087,1,2023-11-11T14:41:04.000Z,https://universalis.app/market/2367
2368,Amateur's Doming Hammer,Sunshine Parfait,300,1,2023-11-15T06:40:12.000Z,https://universalis.app/market/2368
2370,Iron Doming Hammer,Sophia Z'ee,4999,1,2023-11-03T19:52:38.000Z,https://universalis.app/market/2370
2371,Initiate's Doming Hammer,Arthur Sullivan,9500,1,2023-11-12T12:05:42.000Z,https://universalis.app/market/2371
2372,Iron Raising Hammer,Sophia Z'ee,18000,1,2023-11-09T17:28:55.000Z,https://universalis.app/market/2372
2373,Wrapped Iron Raising Hammer,Kirbly Durbly,601,1,2023-11-03T11:29:39.000Z,https://universalis.app/market/2373
2374,Steel Doming Hammer,Princess Princess,15000,1,2023-11-01T18:12:24.000Z,https://universalis.app/market/2374
2376,Cobalt Doming Hammer,Beefgael Slaveknight,10000,1,2023-11-13T01:52:47.000Z,https://universalis.app/market/2376
2377,Cobalt Raising Hammer,Gc Gold,125000,1,2023-11-24T21:37:01.000Z,https://universalis.app/market/2377
2380,Amateur's Pliers,Icarus Sundragon,2500,1,2023-11-18T21:08:32.000Z,https://universalis.app/market/2380
2383,Iron Pliers,Suki Song,20000,1,2023-11-07T08:43:09.000Z,https://universalis.app/market/2383
2384,Initiate's Pliers,Mykhala Whiteflame,15000,1,2023-11-16T14:10:06.000Z,https://universalis.app/market/2384
2386,Steel Pliers,Questra Djt-nong,20000,1,2023-10-30T22:52:44.000Z,https://universalis.app/market/2386
2388,Mythril Pliers,Mide Mizuki,50000,1,2023-11-23T22:07:10.000Z,https://universalis.app/market/2388
2389,Cobalt Pliers,Mage Reien,25800,1,2023-11-13T06:21:13.000Z,https://universalis.app/market/2389
2390,Militia Pliers,Divinix Windstar,43400,1,2023-11-16T05:28:11.000Z,https://universalis.app/market/2390
2392,Bronze Chaser Hammer,Nezuko Urokodaki,5000,1,2023-10-30T23:14:38.000Z,https://universalis.app/market/2392
2393,Amateur's Chaser Hammer,Map Lock,3979,1,2023-11-11T22:17:04.000Z,https://universalis.app/market/2393
2394,Bronze Ornamental Hammer,Sunshine Parfait,999,1,2023-11-16T20:59:39.000Z,https://universalis.app/market/2394
2395,Iron Chaser Hammer,Arthur Sullivan,20000,1,2023-11-12T13:15:29.000Z,https://universalis.app/market/2395
2396,Initiate's Chaser Hammer,Xavi Lastname,3000,1,2023-11-03T21:47:53.000Z,https://universalis.app/market/2396
2397,Iron Ornamental Hammer,Sophia Z'ee,15000,1,2023-11-17T16:03:32.000Z,https://universalis.app/market/2397
2398,Steel Chaser Hammer,Chiull Malqir,5000,1,2023-11-09T17:15:20.000Z,https://universalis.app/market/2398
2399,Steel Ornamental Hammer,Nox Luna,10000,1,2023-11-12T02:52:45.000Z,https://universalis.app/market/2399
2400,Mythril Ornamental Hammer,Oberon Yllavaris,60074,1,2023-11-02T21:18:08.000Z,https://universalis.app/market/2400
2401,Mythril Lapidary Hammer,Jaylean Hartford,10000,1,2023-11-06T06:21:34.000Z,https://universalis.app/market/2401
2402,Electrum Lapidary Hammer,Ash Brogen,125000,1,2023-11-04T23:18:34.000Z,https://universalis.app/market/2402
5183,Tourmaline,Vinna Vim,900,2,2023-11-02T21:23:55.000Z,https://universalis.app/market/5183
2405,Amateur's Grinding Wheel,Qoni Teni,14,1,2023-11-03T17:28:26.000Z,https://universalis.app/market/2405
2406,Ragstone Grinding Wheel,Beer Pup,3000,1,2023-11-02T20:42:24.000Z,https://universalis.app/market/2406
2408,Mudstone Grinding Wheel,Beer Pup,16000,1,2023-11-10T22:01:56.000Z,https://universalis.app/market/2408
5229,Mudstone,Aelric Gunnar,500,6,2023-11-05T11:57:59.000Z,https://universalis.app/market/5229
2409,Initiate's Grinding Wheel,Gjalfir Camoa,3500,1,2023-11-09T20:07:42.000Z,https://universalis.app/market/2409
2411,Siltstone Grinding Wheel,Syous Branbright,21000,1,2023-11-03T17:42:03.000Z,https://universalis.app/market/2411
5231,Siltstone,Nadia Altera,500,22,2023-10-31T16:19:12.000Z,https://universalis.app/market/5231
2413,Garnet Grinding Wheel,Tiugh Athair,42000,1,2023-11-13T04:46:06.000Z,https://universalis.app/market/2413
5134,Raw Garnet,Torp Senpai,500,2,2023-11-06T22:47:19.000Z,https://universalis.app/market/5134
2414,Basilisk Grinding Wheel,Coleman Qedashin,30000,1,2023-11-17T01:17:15.000Z,https://universalis.app/market/2414
5263,Basilisk Egg,Iintodah Spiedevers,390,1,2023-11-11T03:11:14.000Z,https://universalis.app/market/5263
2415,Militia Grinding Wheel,Bocchizilla Kadar,38000,1,2023-11-18T03:24:59.000Z,https://universalis.app/market/2415
5158,Astral Rock,Anastasia Bloodletter,5400,8,2023-11-05T04:45:51.000Z,https://universalis.app/market/5158
2417,Bronze Head Knife,A' Crow,3009,1,2023-10-29T00:56:53.000Z,https://universalis.app/market/2417
2418,Amateur's Head Knife,Tiugh Athair,9009,1,2023-11-01T02:46:14.000Z,https://universalis.app/market/2418
2420,Initiate's Head Knife,Map Lock,15000,1,2023-11-11T22:17:15.000Z,https://universalis.app/market/2420
2421,Iron Round Knife,Kirbly Durbly,5000,1,2023-11-03T11:30:00.000Z,https://universalis.app/market/2421
2422,Iron Head Knife,Darth Adriano,4400,1,2023-11-15T23:47:52.000Z,https://universalis.app/market/2422
2423,Silver Head Knife,Dinah Mirtheart,10053,1,2023-11-06T21:59:16.000Z,https://universalis.app/market/2423
2424,Steel Round Knife,Rinbi Binbi,750,1,2023-10-31T14:35:46.000Z,https://universalis.app/market/2424
2425,Mythril Head Knife,Divinix Windstar,15000,1,2023-11-10T15:02:46.000Z,https://universalis.app/market/2425
2426,Mythril Round Knife,Viru Endsinger,9999,1,2023-11-18T01:19:08.000Z,https://universalis.app/market/2426
2427,Electrum Head Knife,Baby Goat,120000,1,2023-11-16T18:55:46.000Z,https://universalis.app/market/2427
2430,Amateur's Awl,Takemikazuchi Ak,990,1,2023-11-08T20:43:58.000Z,https://universalis.app/market/2430
2431,Bronze Awl,Sylvia Cooper,4750,1,2023-11-02T22:07:08.000Z,https://universalis.app/market/2431
2433,Iron Awl,Sigbeqboibe Bhudi,5000,1,2023-10-30T22:58:53.000Z,https://universalis.app/market/2433
2434,Initiate's Awl,Erika Underhill,10000,1,2023-10-30T02:10:46.000Z,https://universalis.app/market/2434
2439,Mythril Awl,Zoey Knight,25000,1,2023-11-16T11:35:35.000Z,https://universalis.app/market/2439
2440,Cobalt Awl,Thursty Bursty,30000,1,2023-11-03T04:31:00.000Z,https://universalis.app/market/2440
2443,Copper Needle,Storm Zayn,5000,1,2023-10-31T11:11:09.000Z,https://universalis.app/market/2443
2444,Bat Fang Needle,Kohaku Kurohana,9999,1,2023-11-12T22:35:12.000Z,https://universalis.app/market/2444
2445,Amateur's Needle,Matrim Finn,6000,1,2023-11-20T20:07:58.000Z,https://universalis.app/market/2445
2446,Brass Needle,Niasa Aiyako,3000,1,2023-11-10T03:56:46.000Z,https://universalis.app/market/2446
2447,Initiate's Needle,Saiko Busujima,5000,1,2023-11-06T01:21:28.000Z,https://universalis.app/market/2447
2448,Silver Needle,Arus Soleia,2888,1,2023-11-12T02:13:07.000Z,https://universalis.app/market/2448
2449,Worm Fang Needle,Azrael Starblaze,15000,1,2023-11-11T00:29:55.000Z,https://universalis.app/market/2449
5447,Sandworm Fang,Fox Warbird,500,1,2023-11-08T11:38:04.000Z,https://universalis.app/market/5447
2450,Mythril Needle,Mystique Tia,30000,1,2023-11-12T18:41:23.000Z,https://universalis.app/market/2450
2451,Wolf Fang Needle,Princess Princess,20050,1,2023-11-01T18:20:50.000Z,https://universalis.app/market/2451
2452,Thousand Needle,Juicy Iryut,2900,1,2023-11-20T01:30:35.000Z,https://universalis.app/market/2452
5468,Cactuar Needle,N'ari Faye,6000,3,2023-10-29T14:23:35.000Z,https://universalis.app/market/5468
2453,Electrum Needle,Ronni Ray,5000,1,2023-11-25T00:18:09.000Z,https://universalis.app/market/2453
2456,Amateur's Spinning Wheel,Caleina Hidashi,4000,1,2023-11-16T20:18:04.000Z,https://universalis.app/market/2456
2457,Ash Spinning Wheel,Abigail Frazier,1009,1,2023-10-29T14:43:28.000Z,https://universalis.app/market/2457
2459,Initiate's Spinning Wheel,Sylvia Dawn,10045,1,2023-11-08T21:05:18.000Z,https://universalis.app/market/2459
2460,Elm Spinning Wheel,Arus Soleia,3500,1,2023-11-12T02:13:16.000Z,https://universalis.app/market/2460
2462,Walnut Spinning Wheel,Druza Einaris,10000,1,2023-11-18T20:21:00.000Z,https://universalis.app/market/2462
2464,Mahogany Spinning Wheel,Eros Calsiferii,20000,1,2023-11-18T20:00:13.000Z,https://universalis.app/market/2464
2465,Rosewood Spinning Wheel,Questra Djt-nong,31999,1,2023-11-05T18:26:24.000Z,https://universalis.app/market/2465
2466,Militia Spinning Wheel,Lylac Winter,44999,1,2023-11-04T14:13:20.000Z,https://universalis.app/market/2466
2468,Bronze Alembic,Azrael Starblaze,125000,1,2023-10-30T23:52:18.000Z,https://universalis.app/market/2468
2469,Amateur's Alembic,Sev Slatin,350,1,2023-11-07T02:51:29.000Z,https://universalis.app/market/2469
2470,Brass Alembic,Prissy Bunbun,40000,1,2023-11-04T04:09:10.000Z,https://universalis.app/market/2470
2471,Initiate's Alembic,Viru Endsinger,11128,1,2023-11-14T02:03:08.000Z,https://universalis.app/market/2471
2472,Iron Alembic,Erika Underhill,11125,1,2023-10-29T22:44:31.000Z,https://universalis.app/market/2472
2473,Conical Alembic,Riu Himuro,29000,1,2023-10-29T10:11:33.000Z,https://universalis.app/market/2473
2474,Steel Alembic,Mikha Magala,20000,1,2023-11-17T00:43:08.000Z,https://universalis.app/market/2474
2475,Silver Alembic,Mykhala Whiteflame,10000,1,2023-11-16T14:10:21.000Z,https://universalis.app/market/2475
2476,Mythril Alembic,Azrael Starblaze,35000,1,2023-11-12T05:01:03.000Z,https://universalis.app/market/2476
2477,Electrum Alembic,Sorsha Bavmorda,21999,1,2023-11-15T05:43:13.000Z,https://universalis.app/market/2477
2478,Thermal Alembic,Elora Balro,32000,1,2023-11-14T16:04:01.000Z,https://universalis.app/market/2478
2481,Amateur's Mortar,Sorrelia Blanchet,3000,1,2023-11-05T13:05:20.000Z,https://universalis.app/market/2481
2482,Bronze Mortar,Karyn Ava,3800,1,2023-11-13T04:43:53.000Z,https://universalis.app/market/2482
2484,Iron Mortar,Mephisto Baelfire,20000,1,2023-10-30T16:52:24.000Z,https://universalis.app/market/2484
2485,Initiate's Mortar,C'ouplah Dees,9500,1,2023-11-04T23:43:41.000Z,https://universalis.app/market/2485
2487,Steel Mortar,Azrael Starblaze,15000,1,2023-11-11T00:29:31.000Z,https://universalis.app/market/2487
2490,Mythril Mortar,Viru Endsinger,25000,1,2023-11-18T02:26:34.000Z,https://universalis.app/market/2490
2491,Cobalt Mortar,Apollo Luna,65000,1,2023-11-15T01:19:50.000Z,https://universalis.app/market/2491
2494,Bronze Skillet,Mikha Magala,2006,1,2023-11-04T04:06:45.000Z,https://universalis.app/market/2494
2495,Amateur's Skillet,Potato Plato,5000,1,2023-10-29T01:00:35.000Z,https://universalis.app/market/2495
2496,Iron Skillet,Kamui Gakuto,3010,1,2023-11-04T05:09:54.000Z,https://universalis.app/market/2496
2497,Initiate's Skillet,Sylvia Cooper,11128,1,2023-11-02T22:02:16.000Z,https://universalis.app/market/2497
2498,Iron Frypan,Niasa Aiyako,15000,1,2023-11-13T00:16:32.000Z,https://universalis.app/market/2498
2499,Bomb Frypan,Seren Bancroft,9999,1,2023-11-20T02:00:58.000Z,https://universalis.app/market/2499
5528,Bomb Ash,Lemon Squeezie,900,2,2023-11-04T00:41:25.000Z,https://universalis.app/market/5528
2500,Steel Skillet,Juicy Iryut,10000,1,2023-10-31T12:35:56.000Z,https://universalis.app/market/2500
2501,White Skillet,Mikha Magala,13000,1,2023-11-21T21:11:19.000Z,https://universalis.app/market/2501
2502,Steel Frypan,Crepes Suzette,39999,1,2023-11-10T18:16:02.000Z,https://universalis.app/market/2502
2503,Cobalt Skillet,Aro Godo,8000,1,2023-11-24T13:34:56.000Z,https://universalis.app/market/2503
2504,Hells' Kitchen,Night Rains,26000,1,2023-11-01T06:36:44.000Z,https://universalis.app/market/2504
2507,Amateur's Culinary Knife,Takemikazuchi Ak,5000,1,2023-11-12T11:25:25.000Z,https://universalis.app/market/2507
2508,Bronze Culinary Knife,Asta Wolf,3009,1,2023-11-01T21:32:03.000Z,https://universalis.app/market/2508
2510,Iron Culinary Knife,Kamui Gakuto,3000,1,2023-11-04T05:09:59.000Z,https://universalis.app/market/2510
2511,Initiate's Culinary Knife,Sorsha Tears,15000,1,2023-11-24T20:39:05.000Z,https://universalis.app/market/2511
2516,Mythril Culinary Knife,Trystan Payne,20000,1,2023-11-01T07:12:50.000Z,https://universalis.app/market/2516
2517,Cobalt Culinary Knife,Viru Endsinger,12000,1,2023-11-19T01:05:04.000Z,https://universalis.app/market/2517
2520,Bronze Pickaxe,Bethov Thy,10000,1,2023-11-06T00:59:37.000Z,https://universalis.app/market/2520
2521,Amateur's Pickaxe,Aurane Waters,10000,1,2023-11-16T09:37:00.000Z,https://universalis.app/market/2521
2522,Plumed Bronze Pickaxe,Mykhala Whiteflame,8500,1,2023-10-29T23:42:22.000Z,https://universalis.app/market/2522
2523,Iron Pickaxe,Nezuko Urokodaki,20000,1,2023-11-11T01:37:34.000Z,https://universalis.app/market/2523
2525,Iron Dolabra,Critical Subtlety,120000,1,2023-10-30T04:27:47.000Z,https://universalis.app/market/2525
2526,Steel Pickaxe,K'lyhia Golo,10000,1,2023-11-02T03:47:57.000Z,https://universalis.app/market/2526
2527,Steel Dolabra,Nyanta Jurai,20000,1,2023-11-22T21:01:44.000Z,https://universalis.app/market/2527
5327,Undyed Linen,Ulysses Rigel,1900,6,2023-11-25T16:37:12.000Z,https://universalis.app/market/5327
2529,Cobalt Dolabra,Divinix Windstar,75000,1,2023-11-15T23:06:45.000Z,https://universalis.app/market/2529
2530,Egret Dolabra,Divinix Windstar,90000,1,2023-11-20T15:58:27.000Z,https://universalis.app/market/2530
2534,Bronze Sledgehammer,Masha Tayuun,15000,1,2023-11-08T03:59:09.000Z,https://universalis.app/market/2534
2536,Initiate's Sledgehammer,Reinhardt Heavencrest,35000,1,2023-11-24T21:23:23.000Z,https://universalis.app/market/2536
2537,Iron Sledgehammer,Niasa Aiyako,99999,1,2023-11-04T22:39:20.000Z,https://universalis.app/market/2537
2539,Steel Sledgehammer,Milaen Fyth,50000,1,2023-11-18T19:40:18.000Z,https://universalis.app/market/2539
2540,Wrapped Steel Sledgehammer,Alex Weytens,20000,1,2023-11-12T19:20:37.000Z,https://universalis.app/market/2540
2543,Cobalt Sledgehammer,Baby Goat,20000,1,2023-11-14T12:28:15.000Z,https://universalis.app/market/2543
2544,Militia Sledgehammer,Snooze Time,49990,1,2023-11-06T22:29:31.000Z,https://universalis.app/market/2544
2546,Bronze Hatchet,Ghazghkull Thraka,15000,1,2023-11-12T05:12:16.000Z,https://universalis.app/market/2546
2547,Amateur's Hatchet,White Coral,17000,1,2023-11-13T04:35:19.000Z,https://universalis.app/market/2547
2548,Iron Hatchet,Knils Alfnes,20000,1,2023-11-13T09:36:13.000Z,https://universalis.app/market/2548
2549,Initiate's Hatchet,Unkupo Zeno,10500,1,2023-11-20T04:39:30.000Z,https://universalis.app/market/2549
2550,Brass Hatchet,Gianni Leeds,8000,1,2023-11-02T18:41:48.000Z,https://universalis.app/market/2550
2551,Plumed Iron Hatchet,Agent Undercover,29999,1,2023-11-14T00:50:12.000Z,https://universalis.app/market/2551
5359,Chocobo Feather,Taeryn Rynn,1500,1,2023-11-06T05:05:40.000Z,https://universalis.app/market/5359
2552,Steel Hatchet,Azrael Starblaze,9000,1,2023-11-12T04:39:14.000Z,https://universalis.app/market/2552
2553,Plumed Steel Hatchet,Sir Frozen,3500,1,2023-11-03T02:24:09.000Z,https://universalis.app/market/2553
2554,Mythril Hatchet,Mighty Mog,19900,1,2023-11-01T10:25:23.000Z,https://universalis.app/market/2554
2555,Cobalt Hatchet,Oberon Yllavaris,50000,1,2023-11-05T02:17:18.000Z,https://universalis.app/market/2555
2556,Horned Hatchet,Divinix Windstar,60000,1,2023-11-20T15:59:26.000Z,https://universalis.app/market/2556
2560,Bronze Scythe,Rose Liera,15000,1,2023-11-02T00:48:44.000Z,https://universalis.app/market/2560
2562,Iron Scythe,Aryian Cosmic,25000,1,2023-11-13T16:36:34.000Z,https://universalis.app/market/2562
2563,Initiate's Scythe,Beer Pup,19000,1,2023-10-31T00:33:17.000Z,https://universalis.app/market/2563
2569,Cobalt Scythe,Nakano Akamori,20000,1,2023-11-13T06:06:11.000Z,https://universalis.app/market/2569
2570,Militia Scythe,Sorrelia Blanchet,49997,1,2023-11-03T18:16:11.000Z,https://universalis.app/market/2570
2572,Maple Fishing Rod,Omega Everfrost,3999,1,2023-10-29T21:43:34.000Z,https://universalis.app/market/2572
2573,Amateur's Fishing Rod,Rin Exile,5250,1,2023-11-14T15:23:48.000Z,https://universalis.app/market/2573
2574,Elm Fishing Rod,Lobster Salad,13000,1,2023-11-23T07:31:13.000Z,https://universalis.app/market/2574
2575,Initiate's Fishing Rod,Mephisto Baelfire,10000,1,2023-10-29T02:04:52.000Z,https://universalis.app/market/2575
2576,Yew Fishing Rod,Aisuru Tenshi,5000,1,2023-11-12T20:29:59.000Z,https://universalis.app/market/2576
2577,Staghorn Fishing Rod,Azrael Starblaze,12000,1,2023-11-16T14:13:11.000Z,https://universalis.app/market/2577
2578,Walnut Fishing Rod,Vanessa Stormwind,30068,1,2023-11-02T19:29:36.000Z,https://universalis.app/market/2578
2579,Horn Fishing Rod,Sole Vesper,8000,1,2023-10-30T21:24:20.000Z,https://universalis.app/market/2579
2580,Mahogany Fishing Rod,Caine Redgreave,29050,1,2023-11-09T21:13:19.000Z,https://universalis.app/market/2580
2581,Rosewood Fishing Rod,Juicy Iryut,18000,1,2023-11-17T20:15:39.000Z,https://universalis.app/market/2581
2582,Gilded Rosewood Fishing Rod,Fraedor Draug,60000,1,2023-10-30T16:24:01.000Z,https://universalis.app/market/2582
2588,Crayfish Ball,Peko Pompurin,199,10,2023-10-31T12:18:28.000Z,https://universalis.app/market/2588
4825,Rye Flour,Roselyn Iris,1000,11,2023-11-05T06:38:45.000Z,https://universalis.app/market/4825
4925,Crayfish,Lysesarahnee Crofte,2000,26,2023-11-13T18:16:02.000Z,https://universalis.app/market/4925
2589,Goby Ball,Tai'sahn Kahn,990,50,2023-11-22T17:34:54.000Z,https://universalis.app/market/2589
4931,Dusk Goby,Icarus Sundragon,1495,2,2023-11-22T00:18:11.000Z,https://universalis.app/market/4931
2593,Crab Ball,Bun Tsukino,9,81,2023-11-13T21:27:00.000Z,https://universalis.app/market/2593
4880,Helmet Crab,Aya Loha,999,3,2023-10-29T18:42:30.000Z,https://universalis.app/market/4880
2595,Bass Ball,Bun Tsukino,1000,99,2023-11-13T21:27:14.000Z,https://universalis.app/market/2595
4826,Sunset Wheat Flour,Sett Tayuun,2222,2,2023-11-19T10:05:40.000Z,https://universalis.app/market/4826
4959,Dark Bass,Kaiko Bakakun,4995,1,2023-11-21T17:34:49.000Z,https://universalis.app/market/4959
2598,Herring Ball,Courtney Alexandraaa,101,99,2023-11-04T20:17:17.000Z,https://universalis.app/market/2598
4895,Indigo Herring,Sol Ille,2001,4,2023-11-13T20:30:56.000Z,https://universalis.app/market/4895
2610,Chocobo Fly,Fynn Aodha,405,12,2023-11-07T05:41:49.000Z,https://universalis.app/market/2610
2611,Floating Minnow,Sitri Corday,123,15,2023-11-10T02:19:01.000Z,https://universalis.app/market/2611
2612,Brass Spoon Lure,Bun Tsukino,211,99,2023-11-13T21:27:09.000Z,https://universalis.app/market/2612
2614,Crow Fly,Maya Alimont,3200,10,2023-11-05T06:22:07.000Z,https://universalis.app/market/2614
2615,Silver Spoon Lure,Bun Tsukino,300,3,2023-11-13T21:27:43.000Z,https://universalis.app/market/2615
2616,Steel Jig,Hazalos Prime,700,4,2023-11-05T04:54:41.000Z,https://universalis.app/market/2616
2617,Sinking Minnow,Enci Strife,6000,1,2023-11-14T18:52:52.000Z,https://universalis.app/market/2617
2618,Snurble Fly,Bun Tsukino,3000,5,2023-11-13T21:29:02.000Z,https://universalis.app/market/2618
5349,Snurble Tufts,Petra Niteo,3000,2,2023-11-01T04:38:41.000Z,https://universalis.app/market/5349
2619,Heavy Steel Jig,Ozozma Ozma,3995,5,2023-11-10T07:25:59.000Z,https://universalis.app/market/2619
2620,Spinner,Uzair Syed,6000,1,2023-11-03T03:39:23.000Z,https://universalis.app/market/2620
4900,Whitelip Oyster,Lydia Bailey,2489,2,2023-11-25T13:20:32.000Z,https://universalis.app/market/4900
2622,Mythril Spoon Lure,Zarra Song,400,5,2023-11-03T01:06:10.000Z,https://universalis.app/market/2622
2623,Wildfowl Fly,Mars Knight,1500,3,2023-11-17T02:30:17.000Z,https://universalis.app/market/2623
2624,Topwater Frog,Beef Broganoff,5000,5,2023-11-23T18:14:15.000Z,https://universalis.app/market/2624
2625,Rainbow Spoon Lure,Hiyori Rin,5000,3,2023-11-06T19:54:49.000Z,https://universalis.app/market/2625
5466,Blacklip Oyster,Mimi Ni'zou,25000,1,2023-11-05T22:31:22.000Z,https://universalis.app/market/5466
2626,Spinnerbait,Courtney Alexandraaa,5000,5,2023-11-04T20:10:21.000Z,https://universalis.app/market/2626
5329,Undyed Felt,Myi' Ke,5001,4,2023-11-05T03:10:40.000Z,https://universalis.app/market/5329
2627,Streamer,Climhazzard Fury,6000,1,2023-11-14T13:01:26.000Z,https://universalis.app/market/2627
2628,Yumizuno,Kitsune Kurogane,10000,5,2023-11-05T02:50:18.000Z,https://universalis.app/market/2628
2629,Hempen Coif,Qoni Teni,7000,1,2023-11-03T15:50:11.000Z,https://universalis.app/market/2629
2630,Hempen Coif of Gathering,Genevieve Dubois,5000,1,2023-11-08T00:05:53.000Z,https://universalis.app/market/2630
2631,Leather Calot,Leona Night,30000,1,2023-11-05T19:41:01.000Z,https://universalis.app/market/2631
2650,Company Hat,Quasimoto Foo,999997,1,2023-10-29T06:29:07.000Z,https://universalis.app/market/2650
12590,Ramie Cloth,Princess Princess,4000,1,2023-11-20T04:04:45.000Z,https://universalis.app/market/12590
12595,Ramie Thread,Alice Vibing,3000,53,2023-11-12T04:17:30.000Z,https://universalis.app/market/12595
2652,Hempen Bandana,Skippy Basilia,42666666,1,2023-10-29T05:09:47.000Z,https://universalis.app/market/2652
2653,Leather Eyepatch,Settzy Dammaggher,29520000,1,2023-11-11T10:22:39.000Z,https://universalis.app/market/2653
2654,Hard Leather Pot Helm,Khaja Mol,4000,1,2023-11-03T01:23:31.000Z,https://universalis.app/market/2654
2655,Hempen Hat,Darth Solidus,15000,1,2023-11-18T04:34:09.000Z,https://universalis.app/market/2655
2656,Bronze Chain Coif,Takemikazuchi Ak,5000,1,2023-11-12T11:25:43.000Z,https://universalis.app/market/2656
5081,Bronze Rings,Dark Fury,11,1,2023-11-08T18:03:35.000Z,https://universalis.app/market/5081
2658,Straw Hat,Matrim Finn,5999,1,2023-11-20T20:08:21.000Z,https://universalis.app/market/2658
5342,Straw,Morzan Darkstrider,300,6,2023-11-24T07:43:23.000Z,https://universalis.app/market/5342
2660,Amateur's Headgear,Matrim Finn,2500,1,2023-11-17T16:00:36.000Z,https://universalis.app/market/2660
2661,Amateur's Hempen Coif,Vayne Carudas,7000,1,2023-11-03T04:26:40.000Z,https://universalis.app/market/2661
2662,Bronze Sallet,Riku Agatsuma,800000,1,2023-11-04T06:04:01.000Z,https://universalis.app/market/2662
2663,Stablemaid's Hat,Karyn Ava,3006,1,2023-11-17T03:39:37.000Z,https://universalis.app/market/2663
5540,Carnation,A' Crow,2699,1,2023-10-29T00:57:12.000Z,https://universalis.app/market/5540
2664,Bronze Barbut,Sev Slatin,2000,1,2023-11-11T01:21:01.000Z,https://universalis.app/market/2664
2665,Cotton Turban,Taddeo Tempest,8000000,1,2023-11-13T08:04:16.000Z,https://universalis.app/market/2665
2666,Stablehand's Hat,Illidari Nightfall,5500,1,2023-11-11T15:22:21.000Z,https://universalis.app/market/2666
2668,Brass Spectacles,Redren Kawakami,14895,1,2023-11-16T21:30:55.000Z,https://universalis.app/market/2668
5512,Clear Glass Lens,Surly Panther,1000,3,2023-11-06T06:13:14.000Z,https://universalis.app/market/5512
2670,Cotton Scarf,Asuna Tsuki,30000000,1,2023-11-02T02:54:51.000Z,https://universalis.app/market/2670
2672,Hard Leather Skullcap,Naoh'li Awandah,99000,1,2023-10-31T05:52:18.000Z,https://universalis.app/market/2672
2673,Bronze Celata,Baron Milkington,450,1,2023-11-08T11:12:40.000Z,https://universalis.app/market/2673
2675,Ash Mask,Celia Rose,3500,1,2023-11-01T02:09:06.000Z,https://universalis.app/market/2675
2677,Hunting Hat,Rax Ion,842,1,2023-11-04T08:36:31.000Z,https://universalis.app/market/2677
2680,Decorated Bronze Barbut,Mage Reien,3000,1,2023-11-13T06:20:23.000Z,https://universalis.app/market/2680
2685,Brass Circlet (Sunstone),Cordelia Windrunner,5000,1,2023-11-08T21:49:56.000Z,https://universalis.app/market/2685
5169,Sunstone,Robyn Banks,500,1,2023-10-30T01:03:57.000Z,https://universalis.app/market/5169
2687,Brass Circlet (Danburite),Jc Reblu,500,1,2023-10-30T09:52:15.000Z,https://universalis.app/market/2687
5170,Danburite,Pansy Tinyfoot,4000,2,2023-11-21T01:36:41.000Z,https://universalis.app/market/5170
5171,Malachite,Aizileona Gethmara,400,1,2023-11-12T02:42:27.000Z,https://universalis.app/market/5171
5172,Sphene,Aoie Ta'dawen,250,5,2023-11-01T22:37:08.000Z,https://universalis.app/market/5172
5173,Fluorite,Aizileona Gethmara,101,1,2023-11-15T20:45:07.000Z,https://universalis.app/market/5173
5174,Lapis Lazuli,Ryukuzo Wintersoul,497,37,2023-11-08T03:50:27.000Z,https://universalis.app/market/5174
2697,Goatskin Pot Helm,Hinata Ohime,8000,1,2023-11-01T17:31:32.000Z,https://universalis.app/market/2697
2699,Cotton Coif,Nezuko Urokodaki,9999,1,2023-11-08T01:52:02.000Z,https://universalis.app/market/2699
2700,Cotton Coif of Gathering,Gabe Inoki,5000,1,2023-11-08T07:55:41.000Z,https://universalis.app/market/2700
2703,Ash Mask (Lapis Lazuli),Shei'kom Zhula,5000,1,2023-11-21T12:06:04.000Z,https://universalis.app/market/2703
2708,Iron Sallet,Potato Plato,5000,1,2023-11-06T00:55:45.000Z,https://universalis.app/market/2708
2710,Goatskin Eyepatch,Baudrillard Ricoeur,10000000,1,2023-11-18T02:35:28.000Z,https://universalis.app/market/2710
2712,Iron Celata,User Input,2000,1,2023-11-08T00:03:17.000Z,https://universalis.app/market/2712
5082,Iron Rings,Z'mhati Bladedancer,900,2,2023-11-15T20:50:54.000Z,https://universalis.app/market/5082
2714,Initiate's Headgear,Sir Bj,21500000,1,2023-11-11T22:14:28.000Z,https://universalis.app/market/2714
2719,Cotton Sugarloaf Hat,Auriel Joyeuse,15000000,1,2023-11-11T02:28:19.000Z,https://universalis.app/market/2719
2723,Iron Elmo,Issu Alloces,5000,1,2023-11-07T00:59:50.000Z,https://universalis.app/market/2723
2725,Reinforced Iron Sallet,Tivieonne Teaurlin,10000,1,2023-11-19T02:15:28.000Z,https://universalis.app/market/2725
2727,Velveteen Bandana,Leeu Klein,21000,1,2023-11-12T01:49:06.000Z,https://universalis.app/market/2727
2728,Silver Spectacles,Rin Pendragon,40000,1,2023-10-29T01:07:18.000Z,https://universalis.app/market/2728
2729,Velveteen Turban,Nezuko Urokodaki,10000,1,2023-11-10T01:34:15.000Z,https://universalis.app/market/2729
2731,Silver Magnifiers,Gianni Leeds,20000,1,2023-11-02T18:44:52.000Z,https://universalis.app/market/2731
2733,Velveteen Wedge Cap of Crafting,Trystan Payne,6000,1,2023-11-01T02:37:44.000Z,https://universalis.app/market/2733
2734,Velveteen Wedge Cap of Gathering,Vendro Bloodstorm,9500,1,2023-11-01T00:03:03.000Z,https://universalis.app/market/2734
2735,Silver Circlet (Garnet),Yvona Hellebora,33000,1,2023-11-20T14:51:15.000Z,https://universalis.app/market/2735
5175,Garnet,Vulgaris Magistralis,500,5,2023-11-01T01:12:46.000Z,https://universalis.app/market/5175
2737,Silver Circlet (Goshenite),Gelther Ashdale,35000,1,2023-11-18T22:16:15.000Z,https://universalis.app/market/2737
5176,Goshenite,Vespa Ti,2000,2,2023-11-20T03:54:35.000Z,https://universalis.app/market/5176
2739,Silver Circlet (Peridot),Zero Windstalker,15000,1,2023-11-08T01:31:07.000Z,https://universalis.app/market/2739
5177,Peridot,Strider Strix,1899,2,2023-11-03T01:34:51.000Z,https://universalis.app/market/5177
2741,Silver Circlet (Heliodor),Celeste Nightingale,10000,1,2023-11-12T02:39:14.000Z,https://universalis.app/market/2741
5178,Heliodor,Velo Iam,1500,6,2023-11-24T17:50:03.000Z,https://universalis.app/market/5178
2743,Silver Circlet (Amethyst),Riv Crowe,30000,1,2023-10-30T22:30:39.000Z,https://universalis.app/market/2743
5179,Amethyst,Sigmund Bearclaw,2000,2,2023-11-19T07:03:35.000Z,https://universalis.app/market/5179
2745,Silver Circlet (Aquamarine),Claire Wolfwind,20000,1,2023-11-20T06:03:47.000Z,https://universalis.app/market/2745
5180,Aquamarine,Premium Heart,2601,2,2023-11-22T17:50:18.000Z,https://universalis.app/market/5180
2750,Velveteen Beret,Hunter Killr,50000,1,2023-11-12T22:37:03.000Z,https://universalis.app/market/2750
5343,Cotton Boll,Dampier Stoneheart,900,6,2023-11-19T10:28:08.000Z,https://universalis.app/market/5343
5355,Dodo Feather,Jun Tatsuya,200,1,2023-11-14T02:51:22.000Z,https://universalis.app/market/5355
2753,Steel Sallet,Casino Smithy,39999,1,2023-10-29T03:34:47.000Z,https://universalis.app/market/2753
2755,Steel Celata,Gaius'van Baelsar,30000,1,2023-10-30T17:00:26.000Z,https://universalis.app/market/2755
2757,Vintage Celata,Veles Arca,35000,1,2023-11-20T02:04:25.000Z,https://universalis.app/market/2757
2763,Velveteen Sugarloaf Hat,Vernier Verselis,25000,1,2023-11-12T23:58:12.000Z,https://universalis.app/market/2763
2765,Steel Elmo,Crepes Suzette,30,1,2023-11-04T18:00:18.000Z,https://universalis.app/market/2765
2767,Skull Eyepatch,Takemikazuchi Ak,45000,1,2023-11-22T11:50:38.000Z,https://universalis.app/market/2767
2769,Mythril Magnifiers,Clubs Rainbows,9799,1,2023-11-10T22:35:43.000Z,https://universalis.app/market/2769
2774,Mythril Spectacles,Celeste Nightingale,30000,1,2023-11-10T19:37:43.000Z,https://universalis.app/market/2774
2776,Linen Turban,Lunar Chann,29999,1,2023-11-23T19:06:45.000Z,https://universalis.app/market/2776
2778,Angler's Hat,Tai'sahn Kahn,40000,1,2023-11-23T03:58:55.000Z,https://universalis.app/market/2778
2779,Linen Hat,Solaria Rising,30000,1,2023-11-02T22:00:39.000Z,https://universalis.app/market/2779
2785,Vintage Chef's Hat,Cezi Lotye,75000,1,2023-11-15T01:46:05.000Z,https://universalis.app/market/2785
2786,Steel Barbut,Dark Zetsu,15140,1,2023-11-06T00:44:06.000Z,https://universalis.app/market/2786
2788,Boarskin Pot Helm,Frostfire Echohawk,15000,1,2023-11-13T20:12:26.000Z,https://universalis.app/market/2788
2790,Mythril Circlet (Rubellite),Auswell Endswell,45000,1,2023-11-11T20:43:38.000Z,https://universalis.app/market/2790
5181,Rubellite,Thistle Odeng,500,5,2023-11-06T04:40:03.000Z,https://universalis.app/market/5181
2792,Mythril Circlet (Zircon),Yasuo Battlepass,5000,1,2023-11-03T00:10:33.000Z,https://universalis.app/market/2792
5182,Zircon,Fon Doom,1000,2,2023-11-07T23:45:30.000Z,https://universalis.app/market/5182
2794,Mythril Circlet (Tourmaline),Issu Alloces,7000,1,2023-11-09T10:34:11.000Z,https://universalis.app/market/2794
2796,Mythril Circlet (Amber),Jaylean Hartford,10000,1,2023-10-30T03:43:48.000Z,https://universalis.app/market/2796
5184,Amber,Haru Desu,4444,1,2023-11-20T08:11:36.000Z,https://universalis.app/market/5184
2798,Mythril Circlet (Spinel),Questra Djt-nong,10000,1,2023-11-01T02:14:34.000Z,https://universalis.app/market/2798
5185,Spinel,Aizileona Gethmara,1000,3,2023-11-13T07:36:48.000Z,https://universalis.app/market/5185
2800,Mythril Circlet (Turquoise),Killer Ofgods,9998,1,2023-11-17T19:16:58.000Z,https://universalis.app/market/2800
5186,Turquoise,Torsten Foxe,1000,1,2023-11-18T09:01:36.000Z,https://universalis.app/market/5186
2802,Mythril Elmo,Princess Princess,20000,1,2023-11-19T03:47:58.000Z,https://universalis.app/market/2802
2804,Linen Wedge Cap of Crafting,Divinix Windstar,8500,1,2023-11-07T00:56:39.000Z,https://universalis.app/market/2804
2805,Linen Wedge Cap of Gathering,Laffles Kett,5000,1,2023-10-29T20:22:21.000Z,https://universalis.app/market/2805
2806,Woolen Coif,Sophiane Fortances,35000,1,2023-11-21T06:52:50.000Z,https://universalis.app/market/2806
5328,Undyed Woolen Cloth,Ziforia Willosprig,10000,1,2023-10-31T02:15:47.000Z,https://universalis.app/market/5328
2808,Woolen Coif of Gathering,Ominous Pancake,25000,1,2023-11-07T08:32:58.000Z,https://universalis.app/market/2808
2810,Woolen Turban,Namuri Housho,20000,1,2023-11-04T13:54:17.000Z,https://universalis.app/market/2810
2812,Mythril Celata,User Input,40000,1,2023-11-08T00:01:54.000Z,https://universalis.app/market/2812
5089,Mythril Rings,Remi Malqir,2000,1,2023-11-01T18:06:21.000Z,https://universalis.app/market/5089
2814,Woolen Hat,Gelther Ashdale,30000,1,2023-11-04T21:06:58.000Z,https://universalis.app/market/2814
2816,Linen Deerstalker,F'daora Zeniv,30000,1,2023-11-09T00:48:58.000Z,https://universalis.app/market/2816
2817,Mythril Barbut,Corven Steelglass,19950,1,2023-11-02T23:44:20.000Z,https://universalis.app/market/2817
2819,Mythril Mesail,Loija Djt-gilda,20044,1,2023-11-11T08:06:10.000Z,https://universalis.app/market/2819
2825,Ranger's Hat,Katalina Ultima,8000000,1,2023-11-06T11:25:15.000Z,https://universalis.app/market/2825
2827,Mythril Chain Coif,Haddred Romero,10025,1,2023-11-19T19:14:42.000Z,https://universalis.app/market/2827
2829,Woolen Beret,Fus Roduh,39999,1,2023-10-30T05:15:57.000Z,https://universalis.app/market/2829
5348,Apkallu Down,Emiko Emi,1495,20,2023-10-29T06:15:12.000Z,https://universalis.app/market/5348
2830,Reinforced Mythril Elmo,Ouka Ootori,55555,1,2023-11-24T02:12:10.000Z,https://universalis.app/market/2830
2832,Woolen Cavalier's Hat,Rosalee Shadowmist,5555,1,2023-11-06T09:55:12.000Z,https://universalis.app/market/2832
2834,Cobalt Preserves,Elias Wolfhart,30000,1,2023-11-16T00:10:23.000Z,https://universalis.app/market/2834
2835,Felt Coif,Sayni Takiuno,22000,1,2023-10-29T18:10:39.000Z,https://universalis.app/market/2835
2837,Felt Coif of Gathering,Masha Tayuun,13000,1,2023-11-07T00:55:16.000Z,https://universalis.app/market/2837
2852,Felt Hat,Zoey Knight,28000,1,2023-11-18T04:29:51.000Z,https://universalis.app/market/2852
2854,Woolen Deerstalker,Divinix Windstar,50000,1,2023-11-16T04:11:22.000Z,https://universalis.app/market/2854
2855,Vintage Jester's Cap,Naran Qerel,11999,1,2023-11-14T20:44:58.000Z,https://universalis.app/market/2855
5087,Brass Rings,Yrys Kha-qalli,70,2,2023-11-15T02:57:46.000Z,https://universalis.app/market/5087
2859,Cobalt Barbut,Selene Horises,39999,1,2023-11-02T23:57:37.000Z,https://universalis.app/market/2859
2861,Cobalt Mesail,Lydia Bailey,40000,1,2023-11-22T03:26:05.000Z,https://universalis.app/market/2861
2862,Raptorskin Pot Helm,Rotha Ilex,25000,1,2023-11-03T01:30:59.000Z,https://universalis.app/market/2862
2870,Electrum Circlet (Rubellite),Jins-a Jinyasa,55000,1,2023-11-03T03:01:59.000Z,https://universalis.app/market/2870
2872,Electrum Circlet (Zircon),Yukari Liu,37000,1,2023-11-01T16:17:19.000Z,https://universalis.app/market/2872
2874,Electrum Circlet (Tourmaline),Emperor Couzcouz,9473,1,2023-11-08T04:54:32.000Z,https://universalis.app/market/2874
2876,Electrum Circlet (Amber),Yura Lie,39999,1,2023-11-18T06:16:03.000Z,https://universalis.app/market/2876
2878,Electrum Circlet (Spinel),Tate Tate,39000,1,2023-11-03T16:39:56.000Z,https://universalis.app/market/2878
2880,Electrum Circlet (Turquoise),Suki Deez,25000,1,2023-10-31T00:45:16.000Z,https://universalis.app/market/2880
2882,Rainmaker's Hat,Thorne Greywolfe,28000,1,2023-11-16T17:25:53.000Z,https://universalis.app/market/2882
5084,Cobalt Rings,Torsten Foxe,2500,1,2023-11-06T07:35:22.000Z,https://universalis.app/market/5084
2886,Felt Beret,King Drago,20000,1,2023-10-30T08:19:55.000Z,https://universalis.app/market/2886
2888,Vintage Coif,Jyra Ovelet,23000,1,2023-11-13T01:53:51.000Z,https://universalis.app/market/2888
2891,Felt Cavalier's Hat,Saedis Games,18000,1,2023-11-17T03:10:35.000Z,https://universalis.app/market/2891
2893,Cobalt Sallet,Beza Bez,43999,1,2023-11-03T00:53:55.000Z,https://universalis.app/market/2893
2895,Patrician's Wedge Cap,Baatu Levelyew,29999,1,2023-11-04T23:59:25.000Z,https://universalis.app/market/2895
2911,Militia Barbut,Maya Faoiltiarna,8999,1,2023-11-03T01:58:19.000Z,https://universalis.app/market/2911
2912,Militia Armet,Mini Mais,5000,1,2023-11-01T17:24:34.000Z,https://universalis.app/market/2912
2913,Militia Hat,Luna Fortuna,598,1,2023-11-06T02:58:07.000Z,https://universalis.app/market/2913
2915,Silver Tricorne,Verric Lazarus,7057,1,2023-10-31T05:22:35.000Z,https://universalis.app/market/2915
5287,Uraeus Leather,Opheline Faucillien,7500,1,2023-11-22T00:43:45.000Z,https://universalis.app/market/5287
2922,Armorer's Visor,Zuki Morimoto,30000,1,2023-11-10T07:36:05.000Z,https://universalis.app/market/2922
2923,Goldsmith's Turban,Fluff Guck,2999,1,2023-11-15T03:24:30.000Z,https://universalis.app/market/2923
2926,Alchemist's Monocle,Sigemund Orino,5000,1,2023-10-29T21:27:22.000Z,https://universalis.app/market/2926
2927,Culinarian's Hat,Granzu Lingane,29000,1,2023-11-06T08:17:17.000Z,https://universalis.app/market/2927
2928,Hamlet Digger's Helmet,Ronni Ray,16999,1,2023-11-24T20:59:13.000Z,https://universalis.app/market/2928
2932,Rose Gold Circlet,Golfinwe Frostbane,3999,1,2023-11-02T20:47:25.000Z,https://universalis.app/market/2932
2931,Legionary Visor,Aurine Theja,111,1,2023-10-31T03:54:53.000Z,https://universalis.app/market/2931
5067,Rose Gold Ingot,Kass Holloway,999,1,2023-11-14T02:21:26.000Z,https://universalis.app/market/5067
2933,Imperial Operative Tricorne,Golfinwe Frostbane,1083,1,2023-11-02T20:20:13.000Z,https://universalis.app/market/2933
2934,Imperial Operative Hat,Jean Boltguard,1000,1,2023-11-03T20:46:06.000Z,https://universalis.app/market/2934
2938,Gryphonskin Bandana,Lunafreya Bebop,1499,1,2023-11-05T00:21:06.000Z,https://universalis.app/market/2938
5289,Hard Hippogryph Leather,Ame Otosu,5200,1,2023-11-03T01:01:40.000Z,https://universalis.app/market/5289
2940,Darksteel Chain Coif,Zara Tirameth,1999,1,2023-11-02T13:34:12.000Z,https://universalis.app/market/2940
5085,Darksteel Rings,Exxtra Thicc,155,1,2023-10-31T05:14:58.000Z,https://universalis.app/market/5085
2941,Vanya Hat of Casting,Commune Tea,30000,1,2023-11-07T20:22:09.000Z,https://universalis.app/market/2941
5577,Vanya Silk Hat Lining,Vinna Vim,2111,2,2023-11-03T08:20:28.000Z,https://universalis.app/market/5577
2942,Vanya Hat of Healing,Aizen Margrace,17826,1,2023-11-24T02:53:44.000Z,https://universalis.app/market/2942
2958,Hempen Dalmatica,Kaylanii Moon,5000,1,2023-10-29T17:14:29.000Z,https://universalis.app/market/2958
2959,Hempen Dalmatica of Gathering,Madam Krysis,35864000,1,2023-11-07T05:34:48.000Z,https://universalis.app/market/2959
2960,Hempen Tunic,Clown Chan,17850000,1,2023-10-31T01:40:46.000Z,https://universalis.app/market/2960
2961,Hempen Kurta,Megumi Milk,20000000,1,2023-11-06T22:45:30.000Z,https://universalis.app/market/2961
2993,Company Tabard,Major Pain-og,1399996,1,2023-11-19T20:09:14.000Z,https://universalis.app/market/2993
2996,Hempen Undershirt,Cale Gamble,20000,1,2023-11-04T19:12:30.000Z,https://universalis.app/market/2996
2997,Hempen Camise,Hauru Pendragon,19002,1,2023-11-23T23:33:40.000Z,https://universalis.app/market/2997
2999,Hempen Tabard,Ghazghkull Thraka,6999,1,2023-11-12T05:13:11.000Z,https://universalis.app/market/2999
3000,Hempen Cowl,Luis Strife,10000,1,2023-10-30T20:08:03.000Z,https://universalis.app/market/3000
3001,Hempen Shepherd's Tunic,Y'rhika Tiarty,200000000,1,2023-11-14T14:50:05.000Z,https://universalis.app/market/3001
3008,Hempen Acton,Catnip Lacroix,9999,1,2023-11-07T01:05:57.000Z,https://universalis.app/market/3008
5341,Moko Grass,Shard Crimsonclaw,250,33,2023-11-07T21:09:04.000Z,https://universalis.app/market/5341
3010,Hempen Halfrobe,Cody Corp,7104,1,2023-10-29T02:04:14.000Z,https://universalis.app/market/3010
3011,Bronze Haubergeon,Hephaestus Forge-god,2000,1,2023-11-04T11:47:17.000Z,https://universalis.app/market/3011
3013,Amateur's Doublet Vest,Knils Alfnes,2999,1,2023-11-13T07:14:27.000Z,https://universalis.app/market/3013
3014,Amateur's Kurta,Ryss Gealson,500,1,2023-11-21T18:27:11.000Z,https://universalis.app/market/3014
3015,Amateur's Dalmatica,Odinel Kemp,3000,1,2023-11-06T15:54:01.000Z,https://universalis.app/market/3015
3016,Leather Jacket,Riku Agatsuma,3050,1,2023-11-04T06:04:18.000Z,https://universalis.app/market/3016
3017,Hard Leather Harness,Yvona Hellebora,10009,1,2023-11-18T16:32:22.000Z,https://universalis.app/market/3017
3018,Hempen Robe,Redren Kawakami,5009,1,2023-11-16T21:31:14.000Z,https://universalis.app/market/3018
3019,Hempen Doublet Vest of Crafting,Casino Smithy,905,1,2023-10-29T16:57:37.000Z,https://universalis.app/market/3019
3020,Hempen Doublet Vest of Gathering,Celeste Deluce,5000,1,2023-10-30T03:38:14.000Z,https://universalis.app/market/3020
3022,Cotton Shirt,Kohaku Kurohana,10010,1,2023-11-09T21:37:57.000Z,https://universalis.app/market/3022
3023,Cotton Shepherd's Tunic,Kohaku Kurohana,4999,1,2023-11-12T02:27:26.000Z,https://universalis.app/market/3023
3024,Cotton Cowl,Luis Strife,800,1,2023-10-31T20:05:28.000Z,https://universalis.app/market/3024
3026,Bronze Cuirass,Tiugh Athair,10000,1,2023-11-05T02:16:20.000Z,https://universalis.app/market/3026
3028,Cotton Tabard,Estelle Bright,4999,1,2023-11-05T19:35:18.000Z,https://universalis.app/market/3028
3036,Cotton Dalmatica,Primal Rage,75000000,1,2023-11-18T00:11:42.000Z,https://universalis.app/market/3036
3038,Cotton Dalmatica of Gathering,Illidari Nightfall,19999,1,2023-11-11T15:22:43.000Z,https://universalis.app/market/3038
3039,Cotton Acton,Potato Plato,15000,1,2023-11-02T04:17:39.000Z,https://universalis.app/market/3039
3041,Cotton Kurta,Sylvia Cooper,21115,1,2023-11-02T22:03:28.000Z,https://universalis.app/market/3041
3043,Goatskin Jacket,Falling Apple,350,1,2023-11-05T00:32:05.000Z,https://universalis.app/market/3043
3050,Cotton Halfrobe,Lyra Bell,14998,1,2023-11-11T23:53:10.000Z,https://universalis.app/market/3050
3052,Cotton Doublet Vest of Crafting,Princess Princess,49999,1,2023-10-29T15:16:49.000Z,https://universalis.app/market/3052
3053,Cotton Doublet Vest of Gathering,Aemlus Karlc,44000,1,2023-11-13T07:39:32.000Z,https://universalis.app/market/3053
3057,Iron Scale Mail,Nell Higgins,11000,1,2023-11-08T12:52:35.000Z,https://universalis.app/market/3057
3060,Cotton Trapper's Tunic,Gram'yor Eriksson,1000,1,2023-11-05T02:40:32.000Z,https://universalis.app/market/3060
3062,Cotton Robe,Holt Moll,91800000,1,2023-11-15T08:36:21.000Z,https://universalis.app/market/3062
3064,Initiate's Doublet Vest,Esla Fran,30000,1,2023-11-10T04:46:01.000Z,https://universalis.app/market/3064
3065,Initiate's Gown,Ophelia Hallowheart,25000000,1,2023-11-20T23:37:08.000Z,https://universalis.app/market/3065
3066,Velveteen Shirt,Katie Yagami,50000,1,2023-11-20T12:15:08.000Z,https://universalis.app/market/3066
3068,Heavy Iron Armor,Ivayla Asche,8000,1,2023-11-06T02:53:34.000Z,https://universalis.app/market/3068
3076,Vintage Coatee,Y'lyrrha Vheo,150000,1,2023-11-01T04:56:36.000Z,https://universalis.app/market/3076
3009,Moth-eaten Coatee,Kyrie Juph,24000,1,2023-11-02T06:19:39.000Z,https://universalis.app/market/3009
3077,Velveteen Coatee of Crafting,Trystan Payne,20000,1,2023-11-01T02:37:56.000Z,https://universalis.app/market/3077
3090,Velveteen Cowl,Booba Walf,12345,1,2023-11-05T21:11:36.000Z,https://universalis.app/market/3090
3092,Velveteen Coatee of Gathering,Tera Shell,13999,1,2023-11-04T12:26:48.000Z,https://universalis.app/market/3092
3096,Steel Chainmail,Queen Artyx,40000,1,2023-11-07T12:02:30.000Z,https://universalis.app/market/3096
5083,Steel Rings,Sei'gi King,2449,4,2023-11-06T00:40:05.000Z,https://universalis.app/market/5083
3099,Toadskin Jerkin,White Ztar,20000,1,2023-11-17T04:20:41.000Z,https://universalis.app/market/3099
3100,Toadskin Jacket,Illustrious Clyne,29999,1,2023-11-09T00:20:25.000Z,https://universalis.app/market/3100
3102,Steel Cuirass,Aelle Seafome,1500,1,2023-11-15T05:59:54.000Z,https://universalis.app/market/3102
3104,Velveteen Gown,Hunter Killr,15000,1,2023-11-12T22:37:08.000Z,https://universalis.app/market/3104
3105,Vintage Doublet Vest,Lynn Lotus,50000,1,2023-10-30T05:44:17.000Z,https://universalis.app/market/3105
3106,Velveteen Robe,Issu Alloces,40000,1,2023-11-05T14:15:17.000Z,https://universalis.app/market/3106
3118,Steel Scale Mail,Druza Einaris,11000,1,2023-11-08T15:35:46.000Z,https://universalis.app/market/3118
3120,Velveteen Doublet Vest of Crafting,Dawn Millz,29998,1,2023-11-23T03:18:39.000Z,https://universalis.app/market/3120
3121,Velveteen Doublet Vest of Gathering,Divinix Windstar,34000,1,2023-11-20T20:57:36.000Z,https://universalis.app/market/3121
3125,Linen Shirt,Portia Bella,2500000,1,2023-11-06T16:04:09.000Z,https://universalis.app/market/3125
3127,Heavy Steel Armor,Racoon Yev,2054,1,2023-11-13T22:42:26.000Z,https://universalis.app/market/3127
3131,Linen Robe,Aerayezi Ulore,30000,1,2023-11-02T14:48:00.000Z,https://universalis.app/market/3131
3137,Vintage Chef's Apron,Sophiane Fortances,983184,1,2023-11-21T06:52:58.000Z,https://universalis.app/market/3137
3138,Boarskin Harness,Riku Agatsuma,29000,1,2023-11-22T01:41:55.000Z,https://universalis.app/market/3138
3140,Linen Cowl,Druza Einaris,29000,1,2023-11-18T20:21:42.000Z,https://universalis.app/market/3140
3142,Horn Scale Mail,Hanabi Kato,10000,1,2023-11-09T03:07:36.000Z,https://universalis.app/market/3142
3144,Linen Coatee of Crafting,Questra Djt-nong,20000,1,2023-10-30T13:40:03.000Z,https://universalis.app/market/3144
3145,Linen Coatee of Gathering,Sumi Jizutsu,20000,1,2023-10-29T01:45:13.000Z,https://universalis.app/market/3145
3146,Linen Bliaud,Folsom Chauser,20000,1,2023-11-05T00:00:28.000Z,https://universalis.app/market/3146
3147,Woolen Shirt,Megumin Megumi,15000,1,2023-11-04T16:41:19.000Z,https://universalis.app/market/3147
3149,Mythril Cuirass,Yura Lie,48000,1,2023-11-21T04:54:07.000Z,https://universalis.app/market/3149
3160,Woolen Robe,Cielo Le'fleur,25000,1,2023-11-23T17:31:28.000Z,https://universalis.app/market/3160
3162,Linen Smock,Princess Princess,30000,1,2023-11-01T17:45:32.000Z,https://universalis.app/market/3162
3163,Linen Doublet,Solaara Windynn,18000,1,2023-11-19T10:32:17.000Z,https://universalis.app/market/3163
3164,Vintage Scale Mail,Absolute Roku,35000,1,2023-11-18T03:22:47.000Z,https://universalis.app/market/3164
3021,Blackened Scale Mail,Pepper Nerbsdottir,1025,1,2023-11-04T06:41:14.000Z,https://universalis.app/market/3021
3165,Peisteskin Harness,Ishtar Anastasia,45000,1,2023-11-12T02:35:39.000Z,https://universalis.app/market/3165
3172,Ranger's Tunic,Tsuki Kaede,30000,1,2023-11-06T14:25:51.000Z,https://universalis.app/market/3172
3174,Mythril Haubergeon,Belzardon Aphyon,19000,1,2023-11-01T17:01:41.000Z,https://universalis.app/market/3174
3176,Woolen Gown,Kohaku Kurohana,39999,1,2023-11-14T00:03:59.000Z,https://universalis.app/market/3176
3177,Boarskin Jerkin,Thorn Pathwalker,35000,1,2023-11-09T02:06:40.000Z,https://universalis.app/market/3177
3178,Woolen Bliaud,Jerry Milkus,8989,1,2023-11-04T04:33:52.000Z,https://universalis.app/market/3178
3180,High Mythril Armor,Mage Reien,25000,1,2023-11-13T06:13:58.000Z,https://universalis.app/market/3180
3182,Vintage Seneschal Coatee,Danius Roetilius,99000,1,2023-11-04T08:56:39.000Z,https://universalis.app/market/3182
3098,Moth-eaten Seneschal Coatee,Aqua Tsuki,70000,1,2023-11-02T04:39:07.000Z,https://universalis.app/market/3098
3183,Tortoiseshell Scale Mail,Angel Black,25000,1,2023-11-22T01:59:55.000Z,https://universalis.app/market/3183
3185,Felt Robe,Ivy Nagatoro,21100,1,2023-10-30T21:37:50.000Z,https://universalis.app/market/3185
3187,Woolen Smock,Storm Zayn,20500,1,2023-11-04T11:53:30.000Z,https://universalis.app/market/3187
3188,Woolen Doublet,Farmer Dan,13800,1,2023-11-04T00:53:11.000Z,https://universalis.app/market/3188
3191,Raptorskin Harness,Hunter Killr,40000,1,2023-11-19T18:53:34.000Z,https://universalis.app/market/3191
3193,Woolen Cowl,Likha Yngvildr,10000,1,2023-11-11T06:05:46.000Z,https://universalis.app/market/3193
3201,Rainmaker's Tunic,Illustrious Clyne,32799,1,2023-11-06T23:02:03.000Z,https://universalis.app/market/3201
3203,Cobalt Haubergeon,Big-cat Logan,59000,1,2023-11-06T22:52:24.000Z,https://universalis.app/market/3203
3205,Felt Gown,Caleina Hidashi,30000,1,2023-11-10T21:10:28.000Z,https://universalis.app/market/3205
3206,Raptorskin Jerkin,Aeya Fukiku,46000,1,2023-11-17T22:28:00.000Z,https://universalis.app/market/3206
3208,Vintage Robe,Sayni Takiuno,49000,1,2023-11-03T20:44:07.000Z,https://universalis.app/market/3208
3211,Felt Bliaud,Questra Djt-nong,69999,1,2023-11-05T18:31:32.000Z,https://universalis.app/market/3211
3213,Raptorskin Jacket,Questra Djt-nong,65000,1,2023-11-11T00:19:42.000Z,https://universalis.app/market/3213
3215,Patrician's Coatee,Fus Roduh,46000,1,2023-10-30T05:20:57.000Z,https://universalis.app/market/3215
3218,Vintage Haubergeon,Riku Agatsuma,39898,1,2023-11-10T07:56:34.000Z,https://universalis.app/market/3218
3059,Ripped Haubergeon,Vixel Char'hero,1000,1,2023-10-31T12:00:56.000Z,https://universalis.app/market/3059
3229,Carpenter's Gown,Kuro Augury,14999,1,2023-11-02T22:46:59.000Z,https://universalis.app/market/3229
3230,Blacksmith's Apron,Bimblo Scrimblo,56968,1,2023-11-10T06:41:43.000Z,https://universalis.app/market/3230
3231,Armorer's Gown,Zuki Morimoto,19978,1,2023-11-10T07:37:05.000Z,https://universalis.app/market/3231
3232,Goldsmith's Doublet,Fluff Guck,24000,1,2023-11-15T03:24:10.000Z,https://universalis.app/market/3232
3233,Leatherworker's Shirt,Amunaptra Atem,18999,1,2023-10-30T23:10:15.000Z,https://universalis.app/market/3233
3234,Weaver's Swallowtail,Hawu'li Djt-nong,38200,1,2023-11-22T00:49:37.000Z,https://universalis.app/market/3234
3235,Alchemist's Coat,Wynvyre Dawnocean,42200,1,2023-11-18T01:17:10.000Z,https://universalis.app/market/3235
3236,Culinarian's Apron,Ren Ra-ra-ra,50000,1,2023-11-20T08:16:22.000Z,https://universalis.app/market/3236
3237,Miner's Shirt,Ronni Ray,51900,1,2023-11-24T20:59:20.000Z,https://universalis.app/market/3237
3241,Militia Cuirass,Tsuru Akiudo,10000,1,2023-11-17T18:04:00.000Z,https://universalis.app/market/3241
3242,Militia Harness,Mholi Purpura,199999,1,2023-11-17T11:18:18.000Z,https://universalis.app/market/3242
3243,Mosshorn Scale Mail,Luciano Enciodes,4500,1,2023-11-20T21:38:38.000Z,https://universalis.app/market/3243
5437,Mossy Horn,Exandrya Skyee,500,2,2023-11-14T20:10:40.000Z,https://universalis.app/market/5437
3244,Dodore Doublet,Dark Zetsu,74000,1,2023-11-05T02:40:17.000Z,https://universalis.app/market/3244
5286,Dodore Leather,Tabius Korinthos,499,2,2023-11-03T17:26:10.000Z,https://universalis.app/market/5286
3256,Heavy Darksteel Armor,Lilium Milou,12000,1,2023-10-29T22:40:37.000Z,https://universalis.app/market/3256
5585,Darksteel Breastplate,Sera Yamagami,2200,2,2023-11-16T09:53:09.000Z,https://universalis.app/market/5585
3257,Darksteel Haubergeon,Shadyrak Ansorai,1400,1,2023-11-12T23:09:59.000Z,https://universalis.app/market/3257
5105,Garlean Steel Plate,Kotori Noir,119,1,2023-11-24T13:46:16.000Z,https://universalis.app/market/5105
3258,Gryphonskin Jerkin,Kari Alcmene,999,1,2023-11-12T18:44:55.000Z,https://universalis.app/market/3258
5290,Coeurl Fur,Jormun Tythenius,469,11,2023-11-14T02:37:54.000Z,https://universalis.app/market/5290
5581,Gryphonskin Shoulder Guards,Didrianna Winterset,2000,2,2023-11-02T01:27:31.000Z,https://universalis.app/market/5581
3259,Gryphonskin Tunic,Rishun Hashim,1998,1,2023-10-29T14:38:43.000Z,https://universalis.app/market/3259
5104,Garlean Steel Joint,Keygon Drakenguard,400,3,2023-11-21T18:51:33.000Z,https://universalis.app/market/5104
3260,Vanya Robe of Casting,Miki Chinen,99999,1,2023-11-07T06:41:55.000Z,https://universalis.app/market/3260
5578,Vanya Silk Robe Lining,Ralia Lunafell,5024,2,2023-11-05T03:25:11.000Z,https://universalis.app/market/5578
3261,Vanya Robe of Healing,Yasuo Battlepass,199985,1,2023-11-05T14:35:38.000Z,https://universalis.app/market/3261
3274,Hempen Breeches,Delilah Doree,2000,1,2023-11-12T20:32:42.000Z,https://universalis.app/market/3274
3275,Hempen Breeches of Crafting,Sky Ice,5000,1,2023-11-07T22:52:24.000Z,https://universalis.app/market/3275
3276,Hempen Shepherd's Slops,Kalka Arscelin,10000,1,2023-11-14T16:18:59.000Z,https://universalis.app/market/3276
3307,Hempen Underpants,Velikas Sieghart,30000000,1,2023-11-23T01:40:10.000Z,https://universalis.app/market/3307
3308,Hempen Pantalettes,Madam Krysis,161467000,1,2023-11-04T21:09:22.000Z,https://universalis.app/market/3308
3309,Hempen Chausses,Aulneux Bremond,10000000,1,2023-11-15T08:38:16.000Z,https://universalis.app/market/3309
3310,Leather Culottes,Dampier Stoneheart,2999,1,2023-11-11T16:14:44.000Z,https://universalis.app/market/3310
3311,Hempen Sarouel,Dee De,15000,1,2023-11-01T15:48:05.000Z,https://universalis.app/market/3311
3312,Hempen Tights,Madame Krysis,5539000,1,2023-11-13T19:04:09.000Z,https://universalis.app/market/3312
3313,Hempen Kecks,Dinah Mirtheart,9999,1,2023-11-10T01:43:20.000Z,https://universalis.app/market/3313
3314,Hempen Gaskins,Aemlus Karlc,5999,1,2023-11-13T02:01:47.000Z,https://universalis.app/market/3314
3315,Amateur's Slops,Omega Everfrost,12999,1,2023-10-29T21:44:32.000Z,https://universalis.app/market/3315
3316,Amateur's Breeches,Vayne Carudas,25000,1,2023-11-03T04:27:21.000Z,https://universalis.app/market/3316
3317,Hempen Bottoms,Aemlus Karlc,25000,1,2023-11-13T02:08:59.000Z,https://universalis.app/market/3317
3318,Hempen Trousers,Riku Agatsuma,20000,1,2023-11-04T06:04:32.000Z,https://universalis.app/market/3318
3319,Hard Leather Subligar,Kazuto Riversong,2999,1,2023-11-14T01:11:51.000Z,https://universalis.app/market/3319
3320,Striped Cotton Slops,Moon Binnie,5010,1,2023-11-15T09:25:10.000Z,https://universalis.app/market/3320
3321,Cotton Sarouel,Raw Beef,20000,1,2023-11-08T00:59:52.000Z,https://universalis.app/market/3321
3322,Cotton Shepherd's Slops,Zee Roe,1500,1,2023-11-11T16:37:12.000Z,https://universalis.app/market/3322
3324,Cotton Chausses,Arthur Sullivan,25000,1,2023-11-12T11:48:52.000Z,https://universalis.app/market/3324
3325,Padded Hempen Trousers,Nezuko Urokodaki,245,1,2023-11-02T01:41:29.000Z,https://universalis.app/market/3325
3327,Cotton Tights,Venase Wolt,29999,1,2023-11-07T02:08:12.000Z,https://universalis.app/market/3327
3332,Cotton Trousers,Nezuko Urokodaki,8000,1,2023-11-03T02:00:15.000Z,https://universalis.app/market/3332
3334,Cotton Breeches,Kiana Sakata,19900,1,2023-11-07T07:43:18.000Z,https://universalis.app/market/3334
3336,Cotton Breeches of Crafting,Princess Princess,49999,1,2023-10-29T15:18:30.000Z,https://universalis.app/market/3336
3337,Goatskin Brais,Nell Higgins,10000,1,2023-11-04T17:51:33.000Z,https://universalis.app/market/3337
3339,Padded Cotton Trousers,Arataki Cermon,15000,1,2023-11-07T17:43:35.000Z,https://universalis.app/market/3339
3341,Initiate's Slops,Kavok Walker,5000,1,2023-11-02T21:49:27.000Z,https://universalis.app/market/3341
3343,Cotton Gaskins,Cait Sif,3000,1,2023-11-05T06:18:21.000Z,https://universalis.app/market/3343
3345,Cotton Kecks,Maosera Yorha,5000,1,2023-11-05T03:27:13.000Z,https://universalis.app/market/3345
3347,Goatskin Breeches,Lucifi Elfead,10000,1,2023-11-03T13:37:34.000Z,https://universalis.app/market/3347
3348,Velveteen Chausses,Arthur Sullivan,33900,1,2023-11-12T15:02:00.000Z,https://universalis.app/market/3348
3349,Velveteen Sarouel,Katie Yagami,12000,1,2023-11-20T12:15:28.000Z,https://universalis.app/market/3349
3351,Velveteen Sarouel of Gathering,Aemlus Karlc,21000,1,2023-11-13T07:40:07.000Z,https://universalis.app/market/3351
3352,Heavy Iron Flanchard,Crepes Suzette,10000,1,2023-10-30T21:41:09.000Z,https://universalis.app/market/3352
3354,Striped Velveteen Slops,Sophia Z'ee,7000,1,2023-11-10T18:25:30.000Z,https://universalis.app/market/3354
3355,Velveteen Tights,Yvona Hellebora,30000,1,2023-11-19T00:59:15.000Z,https://universalis.app/market/3355
3363,Velveteen Bottoms,Saba Mir,33000,1,2023-11-15T02:17:36.000Z,https://universalis.app/market/3363
3365,Velveteen Trousers,Villain Guy,20000,1,2023-11-18T18:54:34.000Z,https://universalis.app/market/3365
3367,Toadskin Brais,Shmussy Shmu,20040,1,2023-11-06T05:06:09.000Z,https://universalis.app/market/3367
3369,Toadskin Culottes,Tsukyomi Esperia,25000,1,2023-11-17T06:21:27.000Z,https://universalis.app/market/3369
3370,Padded Velveteen Trousers,Careless Whiskers,8540,1,2023-11-13T00:27:09.000Z,https://universalis.app/market/3370
3372,Velveteen Gaskins,Celeste Nightingale,24999,1,2023-11-10T19:38:07.000Z,https://universalis.app/market/3372
3377,Toadskin Breeches,Divinix Windstar,25000,1,2023-11-19T16:59:46.000Z,https://universalis.app/market/3377
3379,Linen Chausses,Kirayama Kazuo,5000,1,2023-10-29T16:39:12.000Z,https://universalis.app/market/3379
3383,Linen Sarouel,Mint Forsythia,17000,1,2023-11-16T05:44:14.000Z,https://universalis.app/market/3383
3385,Linen Sarouel of Gathering,Lilith Eveningstar,13999,1,2023-10-29T23:28:44.000Z,https://universalis.app/market/3385
3386,Heavy Steel Flanchard,Arnazzel Skywalker,30000,1,2023-11-11T22:39:33.000Z,https://universalis.app/market/3386
3397,Linen Tights,Trystan Payne,50000,1,2023-11-23T06:04:22.000Z,https://universalis.app/market/3397
