id,name,buyerName,pricePerUnit,quantity,timestamp,universalisUrl
1602,Bronze Bastard Sword,Ryukuzo Wintersoul,4000,1,2023-09-10T20:53:06.000Z,https://universalis.app/market/1602
2,Fire Shard,Sugino Vankeulen,150,100,2023-09-16T11:36:56.000Z,https://universalis.app/market/2
5,Earth Shard,Scruffy Beerd,70,500,2023-09-02T04:07:08.000Z,https://universalis.app/market/5
5056,Bronze Ingot,Varela Rotch,750,1,2023-08-28T18:04:20.000Z,https://universalis.app/market/5056
5361,Maple Lumber,Deywisvader Dark,500,5,2023-08-21T01:57:57.000Z,https://universalis.app/market/5361
5432,Bone Chip,Rory Noire,107,30,2023-09-08T04:09:40.000Z,https://universalis.app/market/5432
1603,Viking Sword,Lo'z Sukehiro,3000,1,2023-08-29T16:10:19.000Z,https://universalis.app/market/1603
5275,Leather,Faya Eryut,200,7,2023-09-02T03:36:46.000Z,https://universalis.app/market/5275
1604,Ash Macuahuitl,Lo'z Sukehiro,3000,1,2023-09-04T23:46:27.000Z,https://universalis.app/market/1604
3,Ice Shard,Felix Lansera,175,55,2023-09-13T21:16:58.000Z,https://universalis.app/market/3
4,Wind Shard,Kira Goldenheart,1000,100,2023-08-24T16:20:15.000Z,https://universalis.app/market/4
5124,Obsidian,Token Eastwood,501,14,2023-08-31T22:11:09.000Z,https://universalis.app/market/5124
5364,Ash Lumber,Treper Merick,3000,13,2023-08-22T04:30:10.000Z,https://universalis.app/market/5364
1605,Bronze Spatha,Rottlyn Eisner,10000,1,2023-09-12T07:33:28.000Z,https://universalis.app/market/1605
5276,Hard Leather,Kevin Zmega,1000,14,2023-08-27T19:23:39.000Z,https://universalis.app/market/5276
5434,Ram Horn,Kana Xiao,500,1,2023-08-21T23:34:02.000Z,https://universalis.app/market/5434
1607,Brass Bastard Sword,Ryss Gealson,5000,1,2023-08-26T02:37:25.000Z,https://universalis.app/market/1607
5063,Brass Ingot,Pistis Lai,3000,1,2023-09-06T08:19:02.000Z,https://universalis.app/market/5063
1609,Brass Viking Sword,Max Kenobi,9899,1,2023-08-29T23:20:03.000Z,https://universalis.app/market/1609
5277,Aldgoat Leather,Gagapoki Lalapoki,4000,10,2023-09-09T02:03:15.000Z,https://universalis.app/market/5277
1611,Carnage Sword,Yuri Oka,1000,1,2023-08-27T06:17:14.000Z,https://universalis.app/market/1611
1614,Iron Shortsword,Aichi Sendou,1916,1,2023-09-05T03:09:01.000Z,https://universalis.app/market/1614
5057,Iron Ingot,Gigi Didinaji,1002,5,2023-09-07T14:40:13.000Z,https://universalis.app/market/5057
5367,Elm Lumber,Emily Greymane,1002,1,2023-09-16T17:22:19.000Z,https://universalis.app/market/5367
1622,Iron Spatha,Laura Zaledor,9019,1,2023-08-31T00:27:19.000Z,https://universalis.app/market/1622
5435,Antelope Horn,Tabius Korinthos,1991,15,2023-08-22T20:22:26.000Z,https://universalis.app/market/5435
1625,Steel Broadsword,Max Kenobi,25000,1,2023-09-03T17:15:27.000Z,https://universalis.app/market/1625
5058,Steel Ingot,Tatsuya Hakuryu,3579,2,2023-08-22T02:18:12.000Z,https://universalis.app/market/5058
5371,Walnut Lumber,Tickle Mcbutts,5000,10,2023-08-24T22:25:02.000Z,https://universalis.app/market/5371
5444,Wolf Fang,Solar Arashi,4949,12,2023-08-23T20:45:32.000Z,https://universalis.app/market/5444
1627,Elm Macuahuitl,Ryozo Senzo,7999,1,2023-08-29T05:37:46.000Z,https://universalis.app/market/1627
1633,Steel Falchion,Reiko Rakujo,49998,1,2023-08-30T22:27:04.000Z,https://universalis.app/market/1633
5260,Siltstone Whetstone,Paramora Sen,5000,1,2023-08-21T04:40:10.000Z,https://universalis.app/market/5260
1635,Vintage Bastard Sword,Ryozo Senzo,30000,1,2023-08-29T20:37:21.000Z,https://universalis.app/market/1635
8,Fire Crystal,Deywisvader Dark,200,20,2023-09-01T12:03:01.000Z,https://universalis.app/market/8
1606,Blunt Bastard Sword,Bora Akamichi,50,1,2023-08-21T10:59:43.000Z,https://universalis.app/market/1606
5259,Mudstone Whetstone,Mala'to Aerouant,601,2,2023-09-02T22:47:49.000Z,https://universalis.app/market/5259
1637,Walnut Macuahuitl,Astrea Zinthos,10000,1,2023-08-24T03:18:34.000Z,https://universalis.app/market/1637
5125,Wyvern Obsidian,Penguin Tree,200,59,2023-08-24T07:16:16.000Z,https://universalis.app/market/5125
1639,Steel Longsword,Yora Rofnhiru,40046,1,2023-08-26T04:53:50.000Z,https://universalis.app/market/1639
5504,Fish Glue,Lil' Stomper,1000,1,2023-08-23T03:05:35.000Z,https://universalis.app/market/5504
1642,Goblin Scimitar,Zak Strife,9066,1,2023-08-27T23:16:36.000Z,https://universalis.app/market/1642
1613,Blunt Goblin Scimitar,Rafi Ella,1998,1,2023-09-07T02:22:07.000Z,https://universalis.app/market/1613
1643,Mythril Broadsword,Barnabas Lasbrot,20000,1,2023-09-11T01:31:34.000Z,https://universalis.app/market/1643
5065,Mythril Ingot,Yugi Momo,2002,20,2023-08-24T11:44:22.000Z,https://universalis.app/market/5065
5373,Oak Lumber,Robyn Banks,4000,1,2023-08-22T03:20:27.000Z,https://universalis.app/market/5373
1648,Vintage Viking Sword,Keilin Harewood,45000,1,2023-09-08T16:48:46.000Z,https://universalis.app/market/1648
11,Earth Crystal,Rayne Kuhlak,99,101,2023-09-04T18:50:32.000Z,https://universalis.app/market/11
1616,Nicked Viking Sword,Venar Ymir,49999,1,2023-09-13T03:10:58.000Z,https://universalis.app/market/1616
1621,Blunt Goblin Longsword,Bora Akamichi,20000,1,2023-08-27T15:01:10.000Z,https://universalis.app/market/1621
5262,Basilisk Whetstone,Ashley Kivraa,1000,5,2023-09-16T21:26:12.000Z,https://universalis.app/market/5262
1650,Plumed Oak Macuahuitl,Tre Six,14000,1,2023-08-22T09:40:27.000Z,https://universalis.app/market/1650
5360,Wildfowl Feather,Rhell Azurmyste,8000,1,2023-08-29T19:31:10.000Z,https://universalis.app/market/5360
1657,Cobalt Katzbalger,Psykotic Storm,10000,1,2023-09-05T22:49:39.000Z,https://universalis.app/market/1657
5059,Cobalt Ingot,Rialani Gernhart,2500,10,2023-08-22T05:17:52.000Z,https://universalis.app/market/5059
5066,Electrum Ingot,Ariana Malaki,9999,1,2023-08-29T02:13:20.000Z,https://universalis.app/market/5066
5282,Boar Leather,Atomic Leolaeus,10000,1,2023-08-22T16:58:32.000Z,https://universalis.app/market/5282
1659,Cobalt Shamshir,Kestla Haerfrask,50000,1,2023-09-13T19:18:08.000Z,https://universalis.app/market/1659
5436,Aldgoat Horn,Neff En,6000,1,2023-08-23T22:35:09.000Z,https://universalis.app/market/5436
1663,Cobalt Winglet,Barnabas Lasbrot,50000,1,2023-09-11T18:18:40.000Z,https://universalis.app/market/1663
5374,Mahogany Lumber,Cielo Le'fleur,3500,1,2023-09-05T00:34:32.000Z,https://universalis.app/market/5374
5465,Sunrise Tellin,Ravyn Thurnstone,999,3,2023-09-14T14:39:05.000Z,https://universalis.app/market/5465
5505,Horn Glue,Cave Dweller,6969,2,2023-08-26T04:59:16.000Z,https://universalis.app/market/5505
1666,Giantsgall Longsword,Autumn Dawntreader,5000,1,2023-09-10T05:51:17.000Z,https://universalis.app/market/1666
18,Lightning Cluster,Raihan Thromstalk,567,200,2023-09-15T03:04:44.000Z,https://universalis.app/market/18
19,Water Cluster,Varrick Grimm,348,1000,2023-08-22T06:21:23.000Z,https://universalis.app/market/19
7620,Diluted Vitriol,Parro Ellasch,1500,1,2023-09-04T21:24:18.000Z,https://universalis.app/market/7620
1670,Aeolian Scimitar,Rumi Levkoi,99400,1,2023-09-15T01:28:02.000Z,https://universalis.app/market/1670
1636,Blunt Aeolian Scimitar,Arion Casea,9358,1,2023-08-22T01:40:12.000Z,https://universalis.app/market/1636
5061,Darksteel Nugget,Akemiko Ishikama,5000,1,2023-08-21T03:25:44.000Z,https://universalis.app/market/5061
1673,Mailbreaker,Mika Moonlight,3000,1,2023-09-13T22:51:08.000Z,https://universalis.app/market/1673
14,Fire Cluster,Nyx Severin,500,100,2023-09-13T06:52:24.000Z,https://universalis.app/market/14
17,Earth Cluster,Max Tragic,300,100,2023-09-16T07:43:16.000Z,https://universalis.app/market/17
5068,Rose Gold Nugget,Morgan Lascruff,14200,1,2023-09-05T01:53:55.000Z,https://universalis.app/market/5068
5288,Hippogryph Leather,Deywisvader Dark,2000,1,2023-08-27T01:20:41.000Z,https://universalis.app/market/5288
5570,Mailbreaker Blade,Didri Winterset,2121,1,2023-09-12T03:51:40.000Z,https://universalis.app/market/5570
1681,Bone Hora,Artie Francis,19950,1,2023-09-02T15:01:08.000Z,https://universalis.app/market/1681
5318,Animal Sinew,Ms Eldari,898,1,2023-09-07T21:24:13.000Z,https://universalis.app/market/5318
1682,Leather Himantes,A'zule Noches,500,1,2023-09-16T16:29:27.000Z,https://universalis.app/market/1682
5324,Undyed Hempen Cloth,Shinobi Dm,500,3,2023-09-02T09:16:30.000Z,https://universalis.app/market/5324
1683,Ramhorn Claws,Mr Mattattack,700,1,2023-09-11T16:14:10.000Z,https://universalis.app/market/1683
1684,Bronze Knuckles,Redx Alpha,5000,1,2023-08-22T15:24:59.000Z,https://universalis.app/market/1684
1685,Hard Leather Himantes,Sylvie Hana,99,1,2023-09-10T19:14:53.000Z,https://universalis.app/market/1685
1686,Brass Knuckles,Laza Naharis,7016,1,2023-09-06T04:01:02.000Z,https://universalis.app/market/1686
1688,Goatskin Cesti,Ryss Gealson,3999,1,2023-08-30T22:30:26.000Z,https://universalis.app/market/1688
5319,Beast Sinew,Buck Mol,900,2,2023-09-07T08:59:20.000Z,https://universalis.app/market/5319
1694,Spiked Knuckles,Kimura Viellis,5026,1,2023-09-03T20:21:15.000Z,https://universalis.app/market/1694
5072,Iron Plate,Sunrise Lockhart,3000,2,2023-09-06T03:58:23.000Z,https://universalis.app/market/5072
1697,Toadskin Cesti,Lumine Stella,25500,1,2023-08-30T02:04:36.000Z,https://universalis.app/market/1697
5280,Toad Leather,Laxia Iclucia,2502,1,2023-09-08T19:45:48.000Z,https://universalis.app/market/5280
5320,Diremite Sinew,Azaelea Selidron,2001,1,2023-09-13T01:27:44.000Z,https://universalis.app/market/5320
1699,Steel Claws,Raih'li Relanah,10000,1,2023-08-21T23:39:46.000Z,https://universalis.app/market/1699
5073,Steel Plate,Reaver Rose,2001,2,2023-08-21T04:23:27.000Z,https://universalis.app/market/5073
1706,Crabshell Hora,Drefen Raexs,15000,1,2023-09-11T04:12:26.000Z,https://universalis.app/market/1706
5321,Hippogryph Sinew,Whizmo Rustbolt,880,3,2023-08-26T16:05:12.000Z,https://universalis.app/market/5321
5456,Green Megalocrab Shell,Kuina Dogtooth,700,2,2023-09-16T09:39:14.000Z,https://universalis.app/market/5456
1708,Boarskin Himantes,Ysera Dei-ljla,22000,1,2023-08-22T06:27:26.000Z,https://universalis.app/market/1708
1711,Mythril Claws,Nina Axeton,9074,1,2023-08-22T20:48:40.000Z,https://universalis.app/market/1711
5079,Mythril Plate,Venase Ymir,3000,1,2023-09-17T17:27:43.000Z,https://universalis.app/market/5079
1716,Tortoiseshell Hora,Tabitha Baboya,4850,1,2023-09-06T18:59:02.000Z,https://universalis.app/market/1716
5322,Raptor Sinew,Luna Lilliana,2000,1,2023-08-21T15:23:27.000Z,https://universalis.app/market/5322
5458,Adamantoise Shell,Spllyn Iam,100,1,2023-08-30T20:05:33.000Z,https://universalis.app/market/5458
1723,Cobalt Knuckles,Robin Duskwight,30000,1,2023-08-23T22:12:37.000Z,https://universalis.app/market/1723
1728,Peisteskin Cesti,Barnabas Lasbrot,1500,1,2023-09-09T01:27:29.000Z,https://universalis.app/market/1728
5284,Peiste Leather,G' Koda,1000,1,2023-08-22T19:07:29.000Z,https://universalis.app/market/5284
1732,Vintage Hora,Psykotic Storm,20000,1,2023-09-11T01:15:43.000Z,https://universalis.app/market/1732
1701,Chipped Hora,Verric Lazarus,1999,1,2023-09-13T12:41:09.000Z,https://universalis.app/market/1701
5285,Raptor Leather,Bob Notbob,1250,2,2023-09-08T22:49:47.000Z,https://universalis.app/market/5285
1733,Cobalt Claws,Orusroth Crown,4104,1,2023-08-22T01:55:44.000Z,https://universalis.app/market/1733
5074,Cobalt Plate,Asmodious Soudiomsa,2500,6,2023-09-09T17:57:01.000Z,https://universalis.app/market/5074
1736,Giantsgall Claws,Mini Hashbrown,9000,1,2023-08-28T08:24:38.000Z,https://universalis.app/market/1736
1740,Wildling's Cesti,Rjomi Dei-ijla,75700,1,2023-09-06T18:36:04.000Z,https://universalis.app/market/1740
10,Wind Crystal,Adia Amaya,999,200,2023-08-22T20:03:41.000Z,https://universalis.app/market/10
5567,Bloody Cesti Covers,Didri Winterset,2200,1,2023-09-05T02:06:32.000Z,https://universalis.app/market/5567
1743,Avengers,Spooki Yaeger,15500,1,2023-09-12T07:30:39.000Z,https://universalis.app/market/1743
5378,Spruce Lumber,Azureus Sanguine'nox,4999,20,2023-09-17T15:43:38.000Z,https://universalis.app/market/5378
5571,Avenger Grips,Didri Winterset,2299,1,2023-09-05T02:07:06.000Z,https://universalis.app/market/5571
1750,Bronze War Axe,Yun Kai,1500,1,2023-08-23T09:13:20.000Z,https://universalis.app/market/1750
1751,Bronze Labrys,Sur Thangman,240,1,2023-09-08T14:34:12.000Z,https://universalis.app/market/1751
1752,Cloud Axe,Leili Kouris,4850,1,2023-09-09T21:35:34.000Z,https://universalis.app/market/1752
1753,Spiked Bronze Labrys,Haela Darkrain,5000,1,2023-09-01T18:12:44.000Z,https://universalis.app/market/1753
1754,Iron War Axe,Soulcry Bellylaugh,9013,1,2023-08-24T21:53:11.000Z,https://universalis.app/market/1754
1758,Inferno Axe,Torsten Foxe,7019,1,2023-08-26T20:14:39.000Z,https://universalis.app/market/1758
1764,Iron Bill,Aura Eldorado,9950,1,2023-09-14T19:16:46.000Z,https://universalis.app/market/1764
4856,Clove Oil,Xavior Stone,1000,1,2023-09-09T06:42:06.000Z,https://universalis.app/market/4856
5368,Yew Lumber,Sunrise Lockhart,1000,1,2023-09-06T03:58:38.000Z,https://universalis.app/market/5368
1766,Thunderstorm Axe,Alise Ku-yunaris,7499,1,2023-08-29T14:53:23.000Z,https://universalis.app/market/1766
5064,Silver Ingot,Lily Eterna,5000,2,2023-08-26T13:46:36.000Z,https://universalis.app/market/5064
1769,Spiked Steel Labrys,Qingfu Yevven,10000,1,2023-08-25T18:58:46.000Z,https://universalis.app/market/1769
1776,Steel Bardiche,Crimson Alpha,10000,1,2023-08-26T06:00:52.000Z,https://universalis.app/market/1776
5405,Yew Branch,Lolna Viras,1000,1,2023-08-21T05:22:29.000Z,https://universalis.app/market/5405
1778,Steel Bhuj,Shinya Nouzen,39999,1,2023-08-26T18:56:58.000Z,https://universalis.app/market/1778
1781,Spiked Mythril Labrys,Nimue Umiko,25000,1,2023-08-31T21:12:34.000Z,https://universalis.app/market/1781
1786,Mythril Bhuj,Yora Rofnhiru,45000,1,2023-08-26T22:37:42.000Z,https://universalis.app/market/1786
1796,Buccaneer's Bardiche,Lore Amicitia,45000,1,2023-09-01T02:35:25.000Z,https://universalis.app/market/1796
5414,Rosewood Branch,Wil Marshall,1111,1,2023-08-28T21:21:49.000Z,https://universalis.app/market/5414
1800,Vintage Bill,Yora Rofnhiru,16499,1,2023-09-15T21:11:22.000Z,https://universalis.app/market/1800
1801,Demilune Bhuj,Trishana O'mogson,30000,1,2023-08-25T13:36:31.000Z,https://universalis.app/market/1801
5196,Jadeite,Texas Rose,4000,7,2023-08-22T01:17:09.000Z,https://universalis.app/market/5196
1803,Spiked Cobalt Labrys,Torsten Foxe,35000,1,2023-09-10T07:26:57.000Z,https://universalis.app/market/1803
5376,Rosewood Lumber,Lolna Viras,3500,1,2023-08-25T21:48:15.000Z,https://universalis.app/market/5376
1806,Giantsgall War Axe,Blackrose Nameless,3146,1,2023-08-22T19:55:55.000Z,https://universalis.app/market/1806
1810,Barbarian's Bardiche,Riku Luna,77950,1,2023-08-26T22:07:39.000Z,https://universalis.app/market/1810
5566,Bloody Bardiche Head,Jaecheon Daesong,2713,1,2023-09-10T17:25:25.000Z,https://universalis.app/market/5566
1813,Rampager,Kiara Ceto,1999,1,2023-09-01T19:15:26.000Z,https://universalis.app/market/1813
5075,Darksteel Plate,Chansey Highwind,5000,20,2023-08-25T00:59:45.000Z,https://universalis.app/market/5075
5572,Rampager Head,Didrianna Winterset,2324,2,2023-08-26T02:06:19.000Z,https://universalis.app/market/5572
1820,Bone Harpoon,Varyn Asteria,2000,1,2023-09-04T00:39:51.000Z,https://universalis.app/market/1820
5503,Animal Glue,Leili Kouris,100,1,2023-09-12T05:07:43.000Z,https://universalis.app/market/5503
1821,Bronze Spear,Elidyr Nix,8000,1,2023-09-04T06:01:42.000Z,https://universalis.app/market/1821
5482,Fish Oil,Pimbly Honeybrook,397,9,2023-08-22T01:32:33.000Z,https://universalis.app/market/5482
1822,Ramhorn Harpoon,Aura Eldorado,7200,1,2023-09-07T23:16:33.000Z,https://universalis.app/market/1822
1823,Feathered Harpoon,Moggie Rae,9000,1,2023-08-24T01:24:13.000Z,https://universalis.app/market/1823
5352,Crow Feather,Dumpster Munchkin,515,25,2023-09-09T04:04:35.000Z,https://universalis.app/market/5352
5433,Soiled Femur,Nori Matsutake,70,1,2023-08-21T05:50:27.000Z,https://universalis.app/market/5433
1824,Brass Spear,Yun Kai,2000,1,2023-09-04T23:04:47.000Z,https://universalis.app/market/1824
1825,Iron Spear,Bahamut Wyrmblood,6400,1,2023-09-05T20:52:26.000Z,https://universalis.app/market/1825
1827,Iron Lance,Kaida Lockhart,100000,1,2023-09-05T10:56:23.000Z,https://universalis.app/market/1827
1833,Iron Guisarme,Bahamut Gods,3000,1,2023-08-23T06:17:00.000Z,https://universalis.app/market/1833
1836,Silver Battle Fork,Beren Orome,10000,1,2023-08-24T23:19:37.000Z,https://universalis.app/market/1836
5484,Crab Oil,Gurann Natsu,4999,2,2023-08-23T13:46:53.000Z,https://universalis.app/market/5484
1838,Steel Halberd,Rayne Beau,9451,1,2023-08-26T15:21:24.000Z,https://universalis.app/market/1838
1845,Steel Spear,Nina Pendleton,23000,1,2023-08-26T14:09:14.000Z,https://universalis.app/market/1845
1847,Heavy Steel Lance,Ryss Gealson,10000,1,2023-09-06T23:43:57.000Z,https://universalis.app/market/1847
1850,Yarzonshell Harpoon,Lukaon Alibaster,27071,1,2023-09-11T21:55:55.000Z,https://universalis.app/market/1850
5454,Yellow Yarzon Leg,Genbu Ushikai,1750,4,2023-09-02T23:42:06.000Z,https://universalis.app/market/5454
1855,Mythril Lance,Laura Zaledor,19999,1,2023-09-15T16:34:15.000Z,https://universalis.app/market/1855
1862,Cobalt Halberd,Tickle Mcbutts,42000,1,2023-08-24T22:25:52.000Z,https://universalis.app/market/1862
1867,Cobalt Trident,Rough Unicorn,26000,1,2023-08-21T00:45:34.000Z,https://universalis.app/market/1867
5486,Shark Oil,Jiluna Araxie,5002,2,2023-09-02T22:21:58.000Z,https://universalis.app/market/5486
1871,Vintage Guisarme,Sumi Jizutsu,10000,1,2023-08-31T02:00:48.000Z,https://universalis.app/market/1871
9,Ice Crystal,Nazara Arazan,175,55,2023-09-10T17:35:23.000Z,https://universalis.app/market/9
1872,Hart Guisarme,Orusroth Crown,14000,1,2023-08-22T01:57:04.000Z,https://universalis.app/market/1872
1875,Giantsgall Trident,Revan Dred,150,1,2023-08-23T10:18:09.000Z,https://universalis.app/market/1875
7582,Mossy Stone Spear,Nora Belle,3,1,2023-09-12T23:39:15.000Z,https://universalis.app/market/7582
1879,Champion's Lance,Yuki Nonaka,99900,1,2023-09-06T09:09:46.000Z,https://universalis.app/market/1879
5565,Bloody Lance Head,Quinton Armenta,10000,1,2023-09-12T23:52:51.000Z,https://universalis.app/market/5565
1882,Obelisk,Gary Finnegan,1165,1,2023-08-29T20:10:34.000Z,https://universalis.app/market/1882
5573,Obelisk Head,Cuteness Kills,2300,1,2023-08-26T01:00:25.000Z,https://universalis.app/market/5573
1891,Maple Shortbow,Aura Eldorado,3005,1,2023-08-28T21:38:02.000Z,https://universalis.app/market/1891
5333,Hempen Yarn,Kirbly Durbly,100,48,2023-09-06T09:10:43.000Z,https://universalis.app/market/5333
1892,Maple Longbow,Sky Ice,5000,1,2023-09-09T22:55:10.000Z,https://universalis.app/market/1892
5396,Maple Branch,Lex Jade,97,24,2023-09-13T04:25:41.000Z,https://universalis.app/market/5396
1893,Plumed Maple Shortbow,Tiamat Byakko,508,1,2023-08-26T02:54:07.000Z,https://universalis.app/market/1893
5351,Cock Feather,Saylor Virelai,69000,1,2023-09-11T05:23:01.000Z,https://universalis.app/market/5351
1894,Wrapped Maple Longbow,Black Swan,809,1,2023-09-12T01:48:20.000Z,https://universalis.app/market/1894
5402,Ash Branch,Violet Skybunny,451,8,2023-09-14T02:06:56.000Z,https://universalis.app/market/5402
1895,Ash Shortbow,Kaida Lockhart,16000,1,2023-09-05T10:56:11.000Z,https://universalis.app/market/1895
1897,Elm Longbow,Mario Deadshot,500,1,2023-08-27T20:08:15.000Z,https://universalis.app/market/1897
5334,Cotton Yarn,Arkiel Arkanjel,270,6,2023-08-25T09:00:59.000Z,https://universalis.app/market/5334
1899,Elm Velocity Bow,Hephaestus Forge-god,49021,1,2023-08-23T16:52:34.000Z,https://universalis.app/market/1899
1905,Wrapped Elm Longbow,Robyn Banks,9129,1,2023-08-26T01:13:37.000Z,https://universalis.app/market/1905
1908,Ash Composite Bow,Nina Pendleton,10041,1,2023-08-22T17:16:26.000Z,https://universalis.app/market/1908
1915,Ash Cavalry Bow,Dr Brick,10057,1,2023-08-22T01:30:02.000Z,https://universalis.app/market/1915
5409,Oak Branch,Vivian Vacuus,749,2,2023-08-21T03:20:17.000Z,https://universalis.app/market/5409
1917,Oak Longbow,Shell Bells,39999,1,2023-08-25T00:04:17.000Z,https://universalis.app/market/1917
5336,Linen Yarn,Lucien Lightborn,20000,1,2023-09-09T18:52:11.000Z,https://universalis.app/market/5336
1920,Mythril Cavalry Bow,Bowser Bowser,17995,1,2023-08-24T03:15:50.000Z,https://universalis.app/market/1920
1925,Oak Composite Bow,Hinata Nishimiya,45000,1,2023-08-24T15:21:11.000Z,https://universalis.app/market/1925
1932,Cobalt Cavalry Bow,Kei Chan,20000,1,2023-08-27T17:58:45.000Z,https://universalis.app/market/1932
1937,Yew Longbow,Destiny Zatoshi,49700,1,2023-09-01T12:42:44.000Z,https://universalis.app/market/1937
1941,Vintage Bow,Trollette Bowregard,19989,1,2023-08-25T05:08:01.000Z,https://universalis.app/market/1941
1910,Warped Bow,Mikh Tayuun,14000,1,2023-08-26T07:42:57.000Z,https://universalis.app/market/1910
1942,Crab Bow,Rusty Axe,39000,1,2023-08-27T08:29:30.000Z,https://universalis.app/market/1942
5462,Red Coral,Saranthia Dubrinsky,35500,1,2023-08-29T11:02:57.000Z,https://universalis.app/market/5462
1945,Giantsgall Longbow,Tiamat Byakko,15000,1,2023-09-03T06:52:54.000Z,https://universalis.app/market/1945
1949,Longarm's Composite Bow,Tall Crow,79980,1,2023-08-22T15:34:15.000Z,https://universalis.app/market/1949
5568,Bloody Bow Rim,Y'rell Kyarrin,2500,3,2023-08-22T06:14:27.000Z,https://universalis.app/market/5568
1953,Sarnga,Rai Alis,5159,1,2023-08-21T02:14:27.000Z,https://universalis.app/market/1953
15,Ice Cluster,Cynehild Westknight,44,501,2023-09-14T05:04:10.000Z,https://universalis.app/market/15
16,Wind Cluster,Adia Amaya,5600,20,2023-09-01T14:58:14.000Z,https://universalis.app/market/16
5574,Sarnga Limb,Didrianna Winterset,2381,1,2023-08-26T02:06:33.000Z,https://universalis.app/market/5574
1958,Maple Wand,Adytheia Lin,10000,1,2023-08-21T08:19:04.000Z,https://universalis.app/market/1958
6,Lightning Shard,Jonathas Carver,175,55,2023-09-10T01:30:49.000Z,https://universalis.app/market/6
7,Water Shard,Falazur Azuris,150,100,2023-09-02T16:49:40.000Z,https://universalis.app/market/7
5470,Growth Formula Alpha,Erebus Astoroth,802,12,2023-09-12T20:20:43.000Z,https://universalis.app/market/5470
1959,Whispering Maple Wand,Elidyr Nix,18500,1,2023-09-07T23:57:08.000Z,https://universalis.app/market/1959
1960,Budding Maple Wand,Aura Eldorado,18500,1,2023-09-08T22:03:35.000Z,https://universalis.app/market/1960
5492,Beastkin Blood,Gigi Didinaji,25,18,2023-09-09T14:12:29.000Z,https://universalis.app/market/5492
1961,Ash Wand,Lone Light,35000,1,2023-08-27T09:04:06.000Z,https://universalis.app/market/1961
5471,Growth Formula Beta,Leili Kouris,3400,1,2023-09-15T21:38:09.000Z,https://universalis.app/market/5471
1963,Budding Ash Wand,Wolfgang Speedwagon,12000,1,2023-08-24T01:04:28.000Z,https://universalis.app/market/1963
1965,Whispering Ash Wand,Siff Thegreatwolf,1124,1,2023-09-14T22:59:11.000Z,https://universalis.app/market/1965
5493,Scalekin Blood,Mira Shimono,1500,10,2023-08-26T23:18:41.000Z,https://universalis.app/market/5493
1967,Yew Wand,Crogan Veridant,20000,1,2023-08-24T01:47:21.000Z,https://universalis.app/market/1967
1969,Budding Yew Wand,Naomi Kusakari,29999,1,2023-09-11T01:06:52.000Z,https://universalis.app/market/1969
1971,Budding Oak Wand,Littlelala Foofoo,25500,1,2023-09-01T23:45:33.000Z,https://universalis.app/market/1971
4603,Hi-Potion of Mind,Druza Einaris,910,5,2023-09-13T05:43:42.000Z,https://universalis.app/market/4603
1974,Wand of Frost,Sierra Northwind,10000,1,2023-08-22T22:17:43.000Z,https://universalis.app/market/1974
5199,Eye of Ice,Spllyn Iam,12,41,2023-08-21T17:59:53.000Z,https://universalis.app/market/5199
5472,Growth Formula Gamma,Arya Templarii,4900,2,2023-09-17T02:13:07.000Z,https://universalis.app/market/5472
1976,Wand of Tremors,Juinta Reyon,17500,1,2023-08-24T22:34:25.000Z,https://universalis.app/market/1976
5201,Eye of Earth,Reed Djt-marouc,1000,2,2023-08-22T20:30:24.000Z,https://universalis.app/market/5201
1978,Wand of Tides,Bowser Bowser,30000,1,2023-08-26T02:44:24.000Z,https://universalis.app/market/1978
5203,Eye of Water,Goosebert Manderville,100,2,2023-08-26T23:11:26.000Z,https://universalis.app/market/5203
1981,Wand of Flames,Roxy Gp,10010,1,2023-08-26T23:45:38.000Z,https://universalis.app/market/1981
5198,Eye of Fire,Champagne Mami,3000,1,2023-08-21T16:57:01.000Z,https://universalis.app/market/5198
1983,Wand of Gales,Sierra Northwind,30000,1,2023-08-26T03:47:11.000Z,https://universalis.app/market/1983
5200,Eye of Wind,Akemiko Ishikama,349,2,2023-08-24T07:26:18.000Z,https://universalis.app/market/5200
5202,Eye of Lightning,Tohru Kobayashi,20,35,2023-08-31T02:13:01.000Z,https://universalis.app/market/5202
1987,Budding Rosewood Wand,Keaira Slater,59998,1,2023-09-07T16:49:10.000Z,https://universalis.app/market/1987
4608,Mega-Potion of Mind,Druza Einaris,7499,2,2023-09-13T06:42:44.000Z,https://universalis.app/market/4608
5494,Spoken Blood,Lumina Raija,3700,1,2023-08-26T18:42:28.000Z,https://universalis.app/market/5494
1996,Maple Cane,Elidyr Nix,4500,1,2023-09-06T06:35:10.000Z,https://universalis.app/market/1996
1997,Maple Crook,Rory Noire,19001,1,2023-09-16T03:41:39.000Z,https://universalis.app/market/1997
1998,Ash Radical,Laza Naharis,10000,1,2023-09-06T02:09:18.000Z,https://universalis.app/market/1998
2000,Elm Cane,Lo'z Sukehiro,14995,1,2023-09-10T02:36:00.000Z,https://universalis.app/market/2000
2002,Elm Crook,Hina Anno,350,1,2023-08-27T20:10:56.000Z,https://universalis.app/market/2002
2004,Yew Radical,Littlelala Foofoo,4019,1,2023-09-10T01:12:29.000Z,https://universalis.app/market/2004
2010,Pastoral Yew Cane,Cajole Koverlet,1499,1,2023-08-30T18:20:49.000Z,https://universalis.app/market/2010
2011,Yew Crook,Uto Yukitatu,3000,1,2023-08-30T00:26:11.000Z,https://universalis.app/market/2011
2015,Walnut Cane,Mlrm Ermm,29999,1,2023-08-28T02:41:38.000Z,https://universalis.app/market/2015
2021,Plumed Yew Crook,Kurumi Dragonblood,10057,1,2023-08-29T22:44:07.000Z,https://universalis.app/market/2021
2023,Oak Radical,Torsten Foxe,4065,1,2023-08-29T20:08:20.000Z,https://universalis.app/market/2023
2026,Pastoral Oak Cane,Astrea Zinthos,40074,1,2023-08-24T03:18:14.000Z,https://universalis.app/market/2026
2030,Sprouting Rosewood Radical,Rasandria Heavensfall,20000,1,2023-08-26T13:16:59.000Z,https://universalis.app/market/2030
2039,Jade Crook,Vagrant Paramour,38000,1,2023-08-21T19:20:37.000Z,https://universalis.app/market/2039
2041,Vintage Cane,G'willow Fhin,20000,1,2023-08-21T17:31:24.000Z,https://universalis.app/market/2041
2014,Splintered Cane,Riri Meru,1000,1,2023-09-04T01:37:49.000Z,https://universalis.app/market/2014
2044,Pastoral Mahogany Cane,Mad Charmander,4498,1,2023-09-04T20:47:15.000Z,https://universalis.app/market/2044
5335,Dew Thread,Ibram Fairclough,5000,5,2023-09-09T01:27:57.000Z,https://universalis.app/market/5335
2047,Tane Mahuta,Reiko Saeki,23000,1,2023-08-25T06:20:49.000Z,https://universalis.app/market/2047
5555,Ochu Vine,Eluna Wormwood,3000,3,2023-08-23T02:27:00.000Z,https://universalis.app/market/5555
2048,Giantsgall Cane,Maple Latte,800,1,2023-09-07T16:02:57.000Z,https://universalis.app/market/2048
2049,Madman's Whispering Rod,Drowzsi Ito,95000,1,2023-09-03T22:23:33.000Z,https://universalis.app/market/2049
12,Lightning Crystal,Eji Mika,175,55,2023-09-12T02:15:36.000Z,https://universalis.app/market/12
13,Water Crystal,Eji Mika,175,55,2023-09-12T02:15:56.000Z,https://universalis.app/market/13
5473,Growth Formula Delta,Aly Non,5000,10,2023-08-24T19:36:03.000Z,https://universalis.app/market/5473
5537,Thavnairian Mistletoe,Jillian Foreside,849,5,2023-08-31T03:37:34.000Z,https://universalis.app/market/5537
5547,Vampire Plant,Ms Eldari,300,4,2023-09-11T10:21:55.000Z,https://universalis.app/market/5547
2051,Alkalurops,Zerda Zane,1199,1,2023-08-29T18:41:55.000Z,https://universalis.app/market/2051
5575,Suspended Trillium Flower,Didri Winterset,2200,2,2023-09-05T02:10:55.000Z,https://universalis.app/market/5575
2056,Bone Brand,Alphiknows Your-sins,5000,1,2023-09-03T20:16:32.000Z,https://universalis.app/market/2056
5197,Marbled Eye,Feliski Spaghettini,400000,1,2023-09-13T20:40:33.000Z,https://universalis.app/market/5197
2057,Copper Scepter,A'marya Stark,20000,1,2023-08-22T16:46:51.000Z,https://universalis.app/market/2057
5062,Copper Ingot,Lil Bee,150,16,2023-09-16T12:43:15.000Z,https://universalis.app/market/5062
2058,Bronze Scepter,Axan Tegu,2500,1,2023-08-29T05:01:50.000Z,https://universalis.app/market/2058
2059,Brass Cudgel,A'marya Stark,998,1,2023-08-25T22:38:17.000Z,https://universalis.app/market/2059
2061,Decorated Copper Scepter,Galwyth Apeen,20000,1,2023-09-10T06:39:10.000Z,https://universalis.app/market/2061
5258,Ragstone Whetstone,Kevin Zmega,1002,1,2023-08-27T20:10:29.000Z,https://universalis.app/market/5258
2063,Wind Brand,Brune Tallgaurde,10000,1,2023-08-21T02:09:04.000Z,https://universalis.app/market/2063
2066,Ice Brand,Original Stance,1500,1,2023-09-09T00:55:29.000Z,https://universalis.app/market/2066
2069,Silver Scepter,Deywisvader Dark,3000,1,2023-08-21T01:14:01.000Z,https://universalis.app/market/2069
5527,Brimstone,Roo Iam,600,10,2023-09-04T06:31:10.000Z,https://universalis.app/market/5527
2071,Earth Brand,Grey Charfang,25000,1,2023-08-23T02:55:22.000Z,https://universalis.app/market/2071
2076,Decorated Silver Scepter,Asuka Kawahara,6500,1,2023-08-26T18:53:19.000Z,https://universalis.app/market/2076
2078,Fire Brand,Keeva Rainfell,35046,1,2023-09-08T01:42:01.000Z,https://universalis.app/market/2078
2083,Lightning Brand,Thicc Death'crit,8000,1,2023-08-22T17:55:45.000Z,https://universalis.app/market/2083
5489,Quicksilver,Patton Thera,750,12,2023-09-03T07:35:53.000Z,https://universalis.app/market/5489
2093,Vintage Cudgel,Dino Punch-kick,14995,1,2023-09-03T00:57:44.000Z,https://universalis.app/market/2093
2068,Damaged Cudgel,Deywisvader Dark,19989,1,2023-08-21T00:45:43.000Z,https://universalis.app/market/2068
5092,Iron Rivets,Oniki Kardama,2000,2,2023-09-06T00:41:20.000Z,https://universalis.app/market/5092
2094,Water Brand,Naomi Kusakari,25001,1,2023-09-08T05:39:01.000Z,https://universalis.app/market/2094
2097,Jade Scepter,Lust Ul'timecia,14976,1,2023-09-01T03:27:33.000Z,https://universalis.app/market/2097
5168,Jade,Chijuu Tenjuu,149,2,2023-08-21T23:49:07.000Z,https://universalis.app/market/5168
5439,Ogre Horn,Ms Eldari,1200,1,2023-08-24T10:52:11.000Z,https://universalis.app/market/5439
2102,Sanguine Scepter,Zorua Rua,93397,1,2023-08-21T04:04:47.000Z,https://universalis.app/market/2102
5206,Pinprick Pebble,Y'rell Kyarrin,100,2,2023-08-22T01:01:21.000Z,https://universalis.app/market/5206
2106,Bone Staff,Lo'z Sukehiro,5005,1,2023-08-31T00:10:59.000Z,https://universalis.app/market/2106
2107,Ramhorn Staff,Jerry Milkus,10000,1,2023-09-02T05:08:07.000Z,https://universalis.app/market/2107
2108,Decorated Bone Staff,Laza Naharis,5000,1,2023-09-06T00:37:45.000Z,https://universalis.app/market/2108
5442,Bat Fang,Aria Ruenti,111,99,2023-08-27T04:43:38.000Z,https://universalis.app/market/5442
2109,Toothed Ramhorn Staff,Hush Kahzar,10000,1,2023-09-04T19:40:24.000Z,https://universalis.app/market/2109
2111,Staghorn Staff,Arthrilhed Langdale,17000,1,2023-08-21T01:33:30.000Z,https://universalis.app/market/2111
2116,Sanguine Horn Staff,Onryo Gozen,999,1,2023-08-27T22:06:20.000Z,https://universalis.app/market/2116
2118,Toothed Staghorn Staff,Mora Nevermore,2035,1,2023-09-03T07:42:30.000Z,https://universalis.app/market/2118
2121,Goathorn Staff,Lucian Lycangard,4000,1,2023-09-03T03:32:14.000Z,https://universalis.app/market/2121
2123,Toothed Goathorn Staff,Rasandria Heavensfall,29999,1,2023-08-27T12:44:50.000Z,https://universalis.app/market/2123
2125,Horn Staff,Arthrilhed Langdale,78000,1,2023-08-21T02:55:30.000Z,https://universalis.app/market/2125
2130,Black Horn Staff,Dekken Blake,4000,1,2023-09-09T00:23:23.000Z,https://universalis.app/market/2130
2133,Ivory Staff,Kei Chan,70115,1,2023-08-21T18:31:14.000Z,https://universalis.app/market/2133
2136,Giantsgall Longstaff,Drawcia Lombardi,1110,1,2023-09-01T00:49:29.000Z,https://universalis.app/market/2136
2139,Astrolabe,Kaiyn Ritzker,1198,1,2023-08-30T03:36:18.000Z,https://universalis.app/market/2139
5576,Astrolabe Clinometer,Didrianna Winterset,2160,1,2023-08-26T02:06:47.000Z,https://universalis.app/market/5576
2143,Leather Grimoire,Laura Zaledor,4000,1,2023-08-27T05:36:45.000Z,https://universalis.app/market/2143
5380,Maple Log,Anya Lockhart,111,4,2023-09-06T12:46:58.000Z,https://universalis.app/market/5380
5475,Enchanted Copper Ink,Embry Solmane,885,2,2023-08-26T02:42:34.000Z,https://universalis.app/market/5475
2144,Maple Picatrix,Lucythebates Sr,10340,1,2023-09-13T09:26:45.000Z,https://universalis.app/market/2144
2145,Engraved Leather Grimoire,Abigail Ex,9999,1,2023-09-10T17:48:57.000Z,https://universalis.app/market/2145
5383,Ash Log,Erin Heartwing,1250,11,2023-09-04T23:06:53.000Z,https://universalis.app/market/5383
2146,Ash Picatrix,Soths Magic,2199,1,2023-08-21T02:21:36.000Z,https://universalis.app/market/2146
2147,Hard Leather Grimoire,Anita Whisky,14000,1,2023-09-12T02:21:40.000Z,https://universalis.app/market/2147
5385,Elm Log,Blackfire Phoenix,350,10,2023-09-16T01:18:20.000Z,https://universalis.app/market/5385
5476,Enchanted Iron Ink,Zero Amiya,499,1,2023-09-14T20:25:28.000Z,https://universalis.app/market/5476
2149,Engraved Hard Leather Grimoire,Shirai Ackerman,30000,1,2023-08-23T21:53:12.000Z,https://universalis.app/market/2149
5386,Yew Log,Ryss Gealson,700,14,2023-08-27T03:24:19.000Z,https://universalis.app/market/5386
2151,Yew Picatrix,Mora Nevermore,30000,1,2023-08-21T22:28:49.000Z,https://universalis.app/market/2151
2156,Goatskin Grimoire,Arisa Iris,12000,1,2023-09-10T18:40:24.000Z,https://universalis.app/market/2156
5477,Enchanted Silver Ink,Remial Antares,10000,1,2023-08-21T19:47:42.000Z,https://universalis.app/market/5477
2160,Engraved Goatskin Grimoire,Asako Yaeshima,1599,1,2023-09-05T01:48:57.000Z,https://universalis.app/market/2160
5388,Walnut Log,Malchite Dazkar,469,1,2023-09-15T03:37:37.000Z,https://universalis.app/market/5388
2166,Book of Silver,Fohxoh'tan Rhazzo,3000,1,2023-08-23T00:51:56.000Z,https://universalis.app/market/2166
5390,Oak Log,Ciarda Tynan,800,25,2023-08-25T06:36:03.000Z,https://universalis.app/market/5390
2169,Embossed Book of Silver,Wolfgang Speedwagon,20000,1,2023-08-25T00:54:04.000Z,https://universalis.app/market/2169
2174,Book of Mythril,Sierra Northwind,14000,1,2023-08-23T21:55:49.000Z,https://universalis.app/market/2174
5346,Flax,Marzi Conejita,501,10,2023-09-05T15:05:10.000Z,https://universalis.app/market/5346
5478,Enchanted Mythril Ink,Glynda Windynn,489,2,2023-09-16T08:54:49.000Z,https://universalis.app/market/5478
2184,Vintage Picatrix,Costco Hotdoggu,13888,1,2023-09-09T06:04:55.000Z,https://universalis.app/market/2184
2158,Brittle Picatrix,Lilith Lscariot,90,1,2023-08-24T07:12:54.000Z,https://universalis.app/market/2158
2185,Book of Electrum,Kaede Mitsuba,7290,1,2023-08-27T19:39:26.000Z,https://universalis.app/market/2185
5337,Woolen Yarn,Ronico Shiroiryu,1000,24,2023-08-22T03:08:42.000Z,https://universalis.app/market/5337
5393,Rosewood Log,Kishin Echo,400,5,2023-09-14T07:10:54.000Z,https://universalis.app/market/5393
5479,Enchanted Electrum Ink,Johannes Tia,145,40,2023-09-02T23:43:39.000Z,https://universalis.app/market/5479
2189,Embossed Book of Electrum,C'tadhara Kettha,15000,1,2023-08-22T18:32:05.000Z,https://universalis.app/market/2189
2193,Cantamina Thavnaria,Thairynn Stirling,7777,1,2023-08-21T04:54:49.000Z,https://universalis.app/market/2193
5481,Enchanted Rose Gold Ink,Remial Antares,10000,1,2023-08-21T19:50:20.000Z,https://universalis.app/market/5481
2194,Medica Thavnaria,Astor Deckard,3000,1,2023-08-23T11:40:23.000Z,https://universalis.app/market/2194
7587,Faded Tome,Elliane Fallon,21,1,2023-09-10T17:01:03.000Z,https://universalis.app/market/7587
2201,Erudite's Picatrix of Healing,Astral Nemesis,71399,1,2023-09-08T23:03:27.000Z,https://universalis.app/market/2201
5480,Enchanted Gold Ink,Remial Antares,14690,2,2023-08-21T19:56:46.000Z,https://universalis.app/market/5480
5569,Bloody Grimoire Binding,Petrichor Tia,6974,1,2023-09-15T21:37:44.000Z,https://universalis.app/market/5569
2202,Erudite's Picatrix of Casting,Rei'ok Feralfluid,92700,1,2023-09-08T04:09:41.000Z,https://universalis.app/market/2202
2211,Deus Ex Verbis,Asterios Drakon,9999,1,2023-08-28T02:05:30.000Z,https://universalis.app/market/2211
5338,Silk Thread,Ariana Malaki,900,1,2023-08-27T23:44:28.000Z,https://universalis.app/market/5338
2212,Deus Ex Gratia,Luard Dragheart,10164,1,2023-08-25T13:38:21.000Z,https://universalis.app/market/2212
2219,Square Maple Shield,Azrael Shadowflare,25000,1,2023-09-06T04:49:52.000Z,https://universalis.app/market/2219
5091,Bronze Rivets,Chris Sharkbait,1000,2,2023-09-14T21:56:44.000Z,https://universalis.app/market/5091
12524,Titanium Nugget,Vampirella Blutengel,2500,99,2023-08-21T13:44:10.000Z,https://universalis.app/market/12524
12529,Titanium Rivets,Jaya Folthorne,10000,4,2023-09-09T15:29:02.000Z,https://universalis.app/market/12529
12658,Dusk Leather,Xeras Valkittar,430000,1,2023-09-13T16:21:01.000Z,https://universalis.app/market/12658
2226,Bronze Hoplon,Nellaure Leonhart,10002,1,2023-08-26T23:33:20.000Z,https://universalis.app/market/2226
5071,Bronze Plate,Jenevelle Astrael,5000,3,2023-09-15T21:54:40.000Z,https://universalis.app/market/5071
2228,Round Shield,Onyx Bull,6000000,1,2023-09-09T02:08:01.000Z,https://universalis.app/market/2228
2229,Leather Targe,Satomi Sakurajima,1300000,1,2023-08-28T16:58:26.000Z,https://universalis.app/market/2229
2230,Bronze Scutum,Clown Chan,500000000,1,2023-09-06T02:01:43.000Z,https://universalis.app/market/2230
2231,Bronze Buckler,Varela Rotch,15000,1,2023-08-28T18:15:04.000Z,https://universalis.app/market/2231
2233,Square Ash Shield,Samuel Poe,10000,1,2023-09-09T22:14:17.000Z,https://universalis.app/market/2233
2236,Iron Hoplon,Shin Takeru,25000,1,2023-09-14T23:08:14.000Z,https://universalis.app/market/2236
2238,Vintage Square Shield,Althea Amaryllis,15000,1,2023-08-23T07:57:03.000Z,https://universalis.app/market/2238
2224,Worm-eaten Square Shield,Tharja Guire,9000,1,2023-08-21T20:42:30.000Z,https://universalis.app/market/2224
4859,Cider Vinegar,Deywisvader Dark,84,25,2023-08-22T01:30:41.000Z,https://universalis.app/market/4859
2239,Ironclad Bronze Buckler,Brune Tallgaurde,4666,1,2023-08-27T05:31:46.000Z,https://universalis.app/market/2239
2241,Iron Lantern Shield,Nazara Arazan,10000,1,2023-09-17T16:48:11.000Z,https://universalis.app/market/2241
5998,Tallow Candle,Mana Tsuwamono,2000,1,2023-08-24T01:05:05.000Z,https://universalis.app/market/5998
2242,Iron Scutum,Naomi Kusakari,1001,1,2023-09-03T22:11:07.000Z,https://universalis.app/market/2242
2244,Vintage Hoplon,Ryozo Senzo,15000,1,2023-08-29T20:37:08.000Z,https://universalis.app/market/2244
2246,Viper-crested Round Shield,Hephaestus Forge-god,35000,1,2023-08-31T17:13:45.000Z,https://universalis.app/market/2246
2248,Iron Kite Shield,Axel Syndicate,29999,1,2023-09-01T15:06:51.000Z,https://universalis.app/market/2248
2250,Goatskin Targe,Usa Aoi,4999,1,2023-09-01T22:42:39.000Z,https://universalis.app/market/2250
5093,Steel Rivets,Akuma Mir,3000,4,2023-08-22T16:16:35.000Z,https://universalis.app/market/5093
2257,Bull Hoplon,Drefen Raexs,7500,1,2023-09-03T05:11:54.000Z,https://universalis.app/market/2257
2260,Decorated Buckler,Trishana O'mogson,10021,1,2023-09-06T11:53:57.000Z,https://universalis.app/market/2260
2262,Decorated Iron Scutum,Farsha Xhula,2199,1,2023-08-25T22:06:41.000Z,https://universalis.app/market/2262
2268,Bladed Lantern Shield,Immaculate Degenerate,19024,1,2023-09-03T07:48:04.000Z,https://universalis.app/market/2268
2270,Raptorskin Targe,Tabby Beast,39999,1,2023-08-22T20:55:06.000Z,https://universalis.app/market/2270
5099,Mythril Rivets,Mina Herschel,3000,6,2023-08-28T23:41:53.000Z,https://universalis.app/market/5099
2278,Vintage Scutum,Ryozo Senzo,15000,1,2023-08-29T23:06:25.000Z,https://universalis.app/market/2278
2279,Cobalt Scutum,Tetsuwan Birdy,19999,1,2023-08-26T00:40:55.000Z,https://universalis.app/market/2279
5094,Cobalt Rivets,Lilliluke Arde,2200,45,2023-09-14T04:56:19.000Z,https://universalis.app/market/5094
2287,Eagle-crested Round Shield,Mia Tachikake,19999,1,2023-08-30T23:58:40.000Z,https://universalis.app/market/2287
5228,Ragstone,Tenshi Itik,150,20,2023-09-11T01:37:13.000Z,https://universalis.app/market/5228
5517,Lanolin,Momonne Saucier,777,4,2023-08-21T16:53:27.000Z,https://universalis.app/market/5517
2294,Kite Shield,Mama Sita,10000,1,2023-08-26T11:03:38.000Z,https://universalis.app/market/2294
2296,Cobalt Bladed Lantern Shield,Yora Rofnhiru,40000,1,2023-08-26T22:38:39.000Z,https://universalis.app/market/2296
2298,Oxblood Targe,Lust Ul'timecia,49990,1,2023-09-01T02:51:25.000Z,https://universalis.app/market/2298
2300,Vintage Kite Shield,Mira Shimono,29999,1,2023-08-26T18:44:09.000Z,https://universalis.app/market/2300
2302,Darksteel Scutum,Yuri Oka,7998,1,2023-09-15T09:01:44.000Z,https://universalis.app/market/2302
5060,Darksteel Ingot,Rois Dewinter,8000,5,2023-08-26T15:39:53.000Z,https://universalis.app/market/5060
5095,Darksteel Rivets,Jaya Folthorne,5000,99,2023-09-15T00:58:35.000Z,https://universalis.app/market/5095
2303,Darksteel Buckler,Iceman Frosty,4499,1,2023-08-26T20:00:08.000Z,https://universalis.app/market/2303
2304,Spruce Round Shield,Mikhail Mikhailovich,10000,1,2023-09-01T02:01:31.000Z,https://universalis.app/market/2304
5379,Treated Spruce Lumber,Adora Trevelyan,150000,1,2023-08-21T20:18:25.000Z,https://universalis.app/market/5379
2315,Bronze Saw,Parec Cerap,1000,1,2023-09-06T00:59:32.000Z,https://universalis.app/market/2315
2316,Amateur's Saw,Ana Mae,475,1,2023-09-06T05:59:48.000Z,https://universalis.app/market/2316
2317,Chocobotail Saw,Dom Bunnsicle,900,1,2023-08-21T22:51:21.000Z,https://universalis.app/market/2317
2318,Initiate's Saw,Jolly Greengiant,4016,1,2023-09-04T23:00:55.000Z,https://universalis.app/market/2318
2319,Bas-relief Iron Saw,Ryuxin Zantetsuken,50000,1,2023-08-23T11:30:36.000Z,https://universalis.app/market/2319
2320,Iron Chocobotail Saw,Sjol Huorlwesfv,880,1,2023-09-09T11:17:54.000Z,https://universalis.app/market/2320
2321,Bas-relief Steel Saw,Wolfgang Speedwagon,4053,1,2023-09-04T19:59:30.000Z,https://universalis.app/market/2321
2322,Crosscut Saw,Elhadrim Shepard,5000,1,2023-08-22T01:50:23.000Z,https://universalis.app/market/2322
2323,Mythril Saw,Yohane Yunalesca,26077,1,2023-09-16T09:31:54.000Z,https://universalis.app/market/2323
2324,Mythril Chocobotail Saw,Saltheart Foamfollow,4092,1,2023-09-07T22:32:12.000Z,https://universalis.app/market/2324
2325,Bas-relief Cobalt Saw,Arthrilhed Langdale,60110,1,2023-09-15T01:11:48.000Z,https://universalis.app/market/2325
2328,Amateur's Claw Hammer,Kris Zeugirdor,100,1,2023-08-21T03:18:38.000Z,https://universalis.app/market/2328
2329,Bronze Claw Hammer,Lo'z Sukehiro,5009,1,2023-08-30T04:26:17.000Z,https://universalis.app/market/2329
2331,Iron Claw Hammer,Cripplin Depression,25000,1,2023-08-24T08:42:56.000Z,https://universalis.app/market/2331
5483,Jellyfish Humours,A'tiqa Tiayjj,100000000,1,2023-08-25T15:48:44.000Z,https://universalis.app/market/5483
2332,Initiate's Claw Hammer,Ryuxin Zantetsuken,10000,1,2023-08-23T11:30:11.000Z,https://universalis.app/market/2332
2334,Steel Claw Hammer,Darth Rice,20000,1,2023-09-14T01:13:37.000Z,https://universalis.app/market/2334
2335,Wrapped Steel Claw Hammer,Elhadrim Shepard,14065,1,2023-08-22T01:50:13.000Z,https://universalis.app/market/2335
5485,Linseed Oil,Xalu Ras,5000,3,2023-08-24T19:48:15.000Z,https://universalis.app/market/5485
2337,Mythril Claw Hammer,Daedrin Ladon,16090,1,2023-08-26T18:40:57.000Z,https://universalis.app/market/2337
2338,Cobalt Claw Hammer,Kirbly Durbly,20107,1,2023-09-11T04:36:43.000Z,https://universalis.app/market/2338
2339,Militia Claw Hammer,Darth Rice,190000,1,2023-09-14T20:07:58.000Z,https://universalis.app/market/2339
2341,Bronze Cross-pein Hammer,Ysera Dei'ijla,5000,1,2023-09-02T02:15:47.000Z,https://universalis.app/market/2341
2342,Amateur's Cross-pein Hammer,Theodric Nightshade,3000,1,2023-08-23T15:40:51.000Z,https://universalis.app/market/2342
2343,Birdsbeak Hammer,Jolly Greengiant,2000,1,2023-08-28T16:42:33.000Z,https://universalis.app/market/2343
5325,Undyed Cotton Cloth,Luna Knightshade,3500,5,2023-08-22T22:47:23.000Z,https://universalis.app/market/5325
2344,Iron Cross-pein Hammer,Dorys Lanquairt,6016,1,2023-08-25T21:36:34.000Z,https://universalis.app/market/2344
2345,Initiate's Cross-pein Hammer,Ruze Edalgna,10000,1,2023-08-24T20:28:02.000Z,https://universalis.app/market/2345
2346,Crowsbeak Hammer,Ryuxin Zantetsuken,25000,1,2023-08-23T09:58:00.000Z,https://universalis.app/market/2346
2348,Steel Cross-pein Hammer,Ryss Gealson,5899,1,2023-09-02T09:40:47.000Z,https://universalis.app/market/2348
5326,Undyed Velveteen,Yunga Shannara,5000,4,2023-08-26T14:17:53.000Z,https://universalis.app/market/5326
2349,Steel Crowsbeak Hammer,Jane Roe,5000,1,2023-08-21T20:20:51.000Z,https://universalis.app/market/2349
2350,Wrapped Crowsbeak Hammer,Jay' Park,39999,1,2023-08-26T16:50:59.000Z,https://universalis.app/market/2350
2351,Cobalt Cross-pein Hammer,Mieko Himura,5092,1,2023-08-23T23:30:10.000Z,https://universalis.app/market/2351
2355,Amateur's File,Jolly Greengiant,999,1,2023-08-24T17:16:12.000Z,https://universalis.app/market/2355
2356,Bronze File,Token Eastwood,3500,1,2023-08-30T19:56:21.000Z,https://universalis.app/market/2356
2358,Iron File,Ryuxin Zantetsuken,28000,1,2023-08-23T09:26:54.000Z,https://universalis.app/market/2358
2359,Initiate's File,Samuel Poe,20031,1,2023-09-12T05:37:37.000Z,https://universalis.app/market/2359
2361,Steel File,Nimue Umiko,70000,1,2023-08-30T18:20:50.000Z,https://universalis.app/market/2361
2363,Mythril File,Mia Tachikake,34499,1,2023-09-01T21:11:50.000Z,https://universalis.app/market/2363
2364,Cobalt File,Jane Roe,30999,1,2023-08-21T22:15:55.000Z,https://universalis.app/market/2364
2365,Militia File,Mide Mizuki,40000,1,2023-08-30T08:49:27.000Z,https://universalis.app/market/2365
2367,Bronze Doming Hammer,Niniro Kurogane,700,1,2023-09-14T09:00:27.000Z,https://universalis.app/market/2367
2368,Amateur's Doming Hammer,Agent Undercover,3009,1,2023-09-07T23:53:36.000Z,https://universalis.app/market/2368
2370,Iron Doming Hammer,Token Eastwood,124,1,2023-09-05T21:30:42.000Z,https://universalis.app/market/2370
2372,Iron Raising Hammer,Naomi Kusakari,3026,1,2023-08-29T05:03:11.000Z,https://universalis.app/market/2372
2373,Wrapped Iron Raising Hammer,Kavarion Sien,7980,1,2023-09-13T20:16:08.000Z,https://universalis.app/market/2373
2374,Steel Doming Hammer,Mia Tachikake,11062,1,2023-09-02T00:02:19.000Z,https://universalis.app/market/2374
2375,Steel Raising Hammer,Lordkitten Softpaw,20074,1,2023-09-09T14:43:06.000Z,https://universalis.app/market/2375
2376,Cobalt Doming Hammer,Mashed Purrtato,13092,1,2023-09-07T01:20:38.000Z,https://universalis.app/market/2376
2377,Cobalt Raising Hammer,Darth Rice,110000,1,2023-09-14T20:09:29.000Z,https://universalis.app/market/2377
2380,Amateur's Pliers,Cidolfus Grimoire,505,1,2023-09-12T20:27:09.000Z,https://universalis.app/market/2380
2381,Bronze Pliers,Ryuxin Zantetsuken,4250,1,2023-08-23T08:31:28.000Z,https://universalis.app/market/2381
2383,Iron Pliers,Ruze Edalgna,757,1,2023-08-24T21:10:29.000Z,https://universalis.app/market/2383
2384,Initiate's Pliers,Ryuxin Zantetsuken,10000,1,2023-08-23T11:00:16.000Z,https://universalis.app/market/2384
2386,Steel Pliers,Crogan Veridant,30000,1,2023-08-23T13:15:21.000Z,https://universalis.app/market/2386
2388,Mythril Pliers,Rough Unicorn,43183,1,2023-09-10T10:42:27.000Z,https://universalis.app/market/2388
2389,Cobalt Pliers,Synfae Inverno,9999,1,2023-08-30T18:59:46.000Z,https://universalis.app/market/2389
2390,Militia Pliers,Fefy Bellegarde,50000,1,2023-08-22T00:12:09.000Z,https://universalis.app/market/2390
2392,Bronze Chaser Hammer,Keeva Rainfell,2500,1,2023-09-08T00:56:12.000Z,https://universalis.app/market/2392
2393,Amateur's Chaser Hammer,Yun Kai,479,1,2023-08-23T22:39:50.000Z,https://universalis.app/market/2393
2394,Bronze Ornamental Hammer,Redd Scea,500,1,2023-08-22T02:58:33.000Z,https://universalis.app/market/2394
2395,Iron Chaser Hammer,Aura Eldorado,5016,1,2023-09-07T23:16:21.000Z,https://universalis.app/market/2395
2396,Initiate's Chaser Hammer,Ryuxin Zantetsuken,10021,1,2023-08-25T07:37:06.000Z,https://universalis.app/market/2396
2397,Iron Ornamental Hammer,Greenpea Soup,30000,1,2023-09-12T20:51:15.000Z,https://universalis.app/market/2397
2398,Steel Chaser Hammer,Ryuxin Zantetsuken,10000,1,2023-08-25T07:30:39.000Z,https://universalis.app/market/2398
2399,Steel Ornamental Hammer,Based Highwind,3000,1,2023-08-23T23:54:37.000Z,https://universalis.app/market/2399
2400,Mythril Ornamental Hammer,Dorys Lanquairt,30074,1,2023-08-26T15:55:14.000Z,https://universalis.app/market/2400
2401,Mythril Lapidary Hammer,Akuma Mir,20075,1,2023-09-12T19:10:03.000Z,https://universalis.app/market/2401
2402,Electrum Lapidary Hammer,Adia Amaya,50000,1,2023-08-22T17:41:19.000Z,https://universalis.app/market/2402
5183,Tourmaline,Dex Incognito,900,2,2023-09-14T02:28:55.000Z,https://universalis.app/market/5183
2405,Amateur's Grinding Wheel,White Ztar,90,1,2023-09-14T17:44:49.000Z,https://universalis.app/market/2405
2406,Ragstone Grinding Wheel,Leili Kouris,10009,1,2023-09-09T21:35:23.000Z,https://universalis.app/market/2406
2408,Mudstone Grinding Wheel,Thane Vulpes,10000,1,2023-09-04T15:26:35.000Z,https://universalis.app/market/2408
5229,Mudstone,Evan Escence,1000001,1,2023-08-30T23:43:03.000Z,https://universalis.app/market/5229
2409,Initiate's Grinding Wheel,Ruze Edalgna,25000,1,2023-08-25T15:21:52.000Z,https://universalis.app/market/2409
2411,Siltstone Grinding Wheel,Elsie Annabel,34999,1,2023-09-03T18:09:46.000Z,https://universalis.app/market/2411
5231,Siltstone,U'anhur Dula,500,10,2023-08-23T22:34:17.000Z,https://universalis.app/market/5231
2413,Garnet Grinding Wheel,Estelle Ceres,29998,1,2023-09-15T19:00:41.000Z,https://universalis.app/market/2413
5134,Raw Garnet,Aayan Relanah,601,16,2023-08-31T18:11:33.000Z,https://universalis.app/market/5134
2414,Basilisk Grinding Wheel,Haela Darkrain,34999,1,2023-09-17T12:48:43.000Z,https://universalis.app/market/2414
5263,Basilisk Egg,Cara Riversong,16700000,1,2023-09-09T16:15:40.000Z,https://universalis.app/market/5263
2415,Militia Grinding Wheel,Crogan Veridant,50000,1,2023-08-23T12:42:11.000Z,https://universalis.app/market/2415
5158,Astral Rock,Arthrilhed Langdale,2900,35,2023-08-21T03:36:09.000Z,https://universalis.app/market/5158
2417,Bronze Head Knife,Redx Alpha,6000,1,2023-08-22T15:00:46.000Z,https://universalis.app/market/2417
2419,Brass Head Knife,Aura Eldorado,5011,1,2023-09-04T23:57:28.000Z,https://universalis.app/market/2419
2420,Initiate's Head Knife,Yami Desu,18750,1,2023-09-14T02:47:38.000Z,https://universalis.app/market/2420
2421,Iron Round Knife,Ruze Edalgna,5559,1,2023-08-25T14:20:33.000Z,https://universalis.app/market/2421
2422,Iron Head Knife,Alucard White,5000,1,2023-08-21T14:23:26.000Z,https://universalis.app/market/2422
2423,Silver Head Knife,Mira Shimono,4000,1,2023-08-26T23:26:15.000Z,https://universalis.app/market/2423
2424,Steel Round Knife,Nori Matsutake,3333,1,2023-09-11T23:49:40.000Z,https://universalis.app/market/2424
2425,Mythril Head Knife,Dorys Lanquairt,30074,1,2023-08-26T17:52:32.000Z,https://universalis.app/market/2425
2426,Mythril Round Knife,Saltheart Foamfollow,7000,1,2023-09-07T23:01:02.000Z,https://universalis.app/market/2426
2427,Electrum Head Knife,Yora Rofnhiru,70110,1,2023-08-28T22:10:11.000Z,https://universalis.app/market/2427
2430,Amateur's Awl,Lo'z Sukehiro,1200,1,2023-08-28T03:19:25.000Z,https://universalis.app/market/2430
2431,Bronze Awl,Nori Matsutake,2000,1,2023-08-21T22:07:03.000Z,https://universalis.app/market/2431
2433,Iron Awl,Lo'z Sukehiro,15000,1,2023-09-04T23:46:16.000Z,https://universalis.app/market/2433
2434,Initiate's Awl,Aly Non,9026,1,2023-09-06T17:06:20.000Z,https://universalis.app/market/2434
2436,Steel Awl,Tomoee Gozen,19750,1,2023-09-13T15:56:25.000Z,https://universalis.app/market/2436
2437,Wrapped Steel Awl,Bree Macintosh,30065,1,2023-08-26T00:30:09.000Z,https://universalis.app/market/2437
2439,Mythril Awl,Masha Zolsesi,30092,1,2023-08-26T20:39:35.000Z,https://universalis.app/market/2439
2440,Cobalt Awl,Dawid Ra,35000,1,2023-08-21T23:23:09.000Z,https://universalis.app/market/2440
2443,Copper Needle,Juicy Iryut,2000,1,2023-09-11T05:27:57.000Z,https://universalis.app/market/2443
2444,Bat Fang Needle,Aura Eldorado,1395,1,2023-09-06T23:17:36.000Z,https://universalis.app/market/2444
2445,Amateur's Needle,Earl Flatpants,4000,1,2023-09-11T00:51:39.000Z,https://universalis.app/market/2445
2446,Brass Needle,Akemura Shirogane,5000,1,2023-09-08T00:27:42.000Z,https://universalis.app/market/2446
2447,Initiate's Needle,Sugarbear Kookiez,8500,1,2023-09-07T16:18:40.000Z,https://universalis.app/market/2447
2448,Silver Needle,Snow Zero,1035,1,2023-08-26T05:06:39.000Z,https://universalis.app/market/2448
2449,Worm Fang Needle,Grass Cake,26800,1,2023-09-12T22:29:50.000Z,https://universalis.app/market/2449
5447,Sandworm Fang,Kalvor Marn,685000,1,2023-08-21T03:23:50.000Z,https://universalis.app/market/5447
2450,Mythril Needle,Thanatos Yoshimura,6599,1,2023-08-21T21:52:02.000Z,https://universalis.app/market/2450
2451,Wolf Fang Needle,Faen Lyn,18979,1,2023-09-02T23:55:57.000Z,https://universalis.app/market/2451
2452,Thousand Needle,Suin Faokia,10000,1,2023-08-26T22:36:14.000Z,https://universalis.app/market/2452
5468,Cactuar Needle,Escondor Caligo,360000,1,2023-08-25T00:49:14.000Z,https://universalis.app/market/5468
2453,Electrum Needle,Torsten Foxe,5710,1,2023-08-29T17:58:35.000Z,https://universalis.app/market/2453
2456,Amateur's Spinning Wheel,Elidyr Nix,3999,1,2023-09-03T06:37:21.000Z,https://universalis.app/market/2456
2457,Ash Spinning Wheel,Lucythebates Sr,8990,1,2023-09-16T14:54:28.000Z,https://universalis.app/market/2457
2459,Initiate's Spinning Wheel,Miyamoto Musashi,1000,1,2023-09-05T08:43:54.000Z,https://universalis.app/market/2459
2460,Elm Spinning Wheel,Shell Bells,7000,1,2023-08-24T23:55:23.000Z,https://universalis.app/market/2460
2462,Walnut Spinning Wheel,Token Eastwood,12000,1,2023-08-31T22:06:49.000Z,https://universalis.app/market/2462
2464,Mahogany Spinning Wheel,Dorys Lanquairt,15000,1,2023-08-26T17:53:16.000Z,https://universalis.app/market/2464
2465,Rosewood Spinning Wheel,Reiko Rakujo,35500,1,2023-09-05T20:48:26.000Z,https://universalis.app/market/2465
2466,Militia Spinning Wheel,Xavion Qestir,50000,1,2023-08-21T19:14:22.000Z,https://universalis.app/market/2466
2468,Bronze Alembic,Samuel Poe,125000,1,2023-09-04T04:52:50.000Z,https://universalis.app/market/2468
2469,Amateur's Alembic,Lo'z Sukehiro,10000,1,2023-09-04T23:46:07.000Z,https://universalis.app/market/2469
2470,Brass Alembic,Jasper James,3000,1,2023-08-29T20:03:34.000Z,https://universalis.app/market/2470
2471,Initiate's Alembic,Malchite Dazkar,500,1,2023-09-13T17:48:12.000Z,https://universalis.app/market/2471
2472,Iron Alembic,Angel Black,5000,1,2023-08-27T07:52:40.000Z,https://universalis.app/market/2472
2473,Conical Alembic,Tikkris Nomstark,4000,1,2023-09-17T14:48:42.000Z,https://universalis.app/market/2473
2474,Steel Alembic,Rayne Beau,1700,1,2023-08-26T15:22:08.000Z,https://universalis.app/market/2474
2475,Silver Alembic,Ruze Edalgna,25000,1,2023-09-08T09:59:40.000Z,https://universalis.app/market/2475
2476,Mythril Alembic,Sasa Nori,35000,1,2023-08-26T15:43:56.000Z,https://universalis.app/market/2476
2477,Electrum Alembic,Mia Tachikake,10000,1,2023-09-01T13:32:33.000Z,https://universalis.app/market/2477
2478,Thermal Alembic,Etienne Sveinsson,30000,1,2023-08-29T02:50:58.000Z,https://universalis.app/market/2478
2481,Amateur's Mortar,Riso'tan Xegleife,600,1,2023-08-24T23:18:25.000Z,https://universalis.app/market/2481
2482,Bronze Mortar,Earl Flatpants,3500,1,2023-09-09T20:46:45.000Z,https://universalis.app/market/2482
2484,Iron Mortar,Laura Zaledor,10000,1,2023-08-28T01:19:24.000Z,https://universalis.app/market/2484
2485,Initiate's Mortar,Malchite Dazkar,2000,1,2023-09-13T17:47:59.000Z,https://universalis.app/market/2485
2487,Steel Mortar,Tyetus Rygar,3500,1,2023-09-12T02:03:46.000Z,https://universalis.app/market/2487
2488,Heavy Steel Mortar,Wolfgang Speedwagon,8000,1,2023-08-25T03:26:00.000Z,https://universalis.app/market/2488
2490,Mythril Mortar,Mia Tachikake,20092,1,2023-09-01T13:12:55.000Z,https://universalis.app/market/2490
2491,Cobalt Mortar,Bowser Bowser,10000,1,2023-09-10T19:50:50.000Z,https://universalis.app/market/2491
2492,Militia Mortar,Crogan Veridant,50000,1,2023-08-23T01:12:15.000Z,https://universalis.app/market/2492
2494,Bronze Skillet,Elidyr Nix,10000,1,2023-09-09T00:38:21.000Z,https://universalis.app/market/2494
2495,Amateur's Skillet,Aura Eldorado,5000,1,2023-09-10T02:50:24.000Z,https://universalis.app/market/2495
2496,Iron Skillet,Kitsune Kurogane,11113,1,2023-09-16T03:27:51.000Z,https://universalis.app/market/2496
2497,Initiate's Skillet,Samuel Poe,10000,1,2023-09-11T05:09:03.000Z,https://universalis.app/market/2497
2498,Iron Frypan,Ishii Utatsuki,11126,1,2023-09-15T15:10:35.000Z,https://universalis.app/market/2498
2499,Bomb Frypan,Tabitha Baboya,24999,1,2023-09-03T15:10:51.000Z,https://universalis.app/market/2499
5528,Bomb Ash,Torsten Foxe,409,2,2023-09-03T00:59:54.000Z,https://universalis.app/market/5528
2500,Steel Skillet,Laura Zaledor,15000,1,2023-09-06T22:58:04.000Z,https://universalis.app/market/2500
2501,White Skillet,Callisto Pendragon,6100,1,2023-09-10T18:43:51.000Z,https://universalis.app/market/2501
2502,Steel Frypan,Elyxian Inferno,39999,1,2023-08-22T21:45:16.000Z,https://universalis.app/market/2502
2503,Cobalt Skillet,Ryuxin Zantetsuken,20000,1,2023-08-23T00:36:42.000Z,https://universalis.app/market/2503
2504,Hells' Kitchen,Deakay Hyui,25000,1,2023-08-31T23:01:51.000Z,https://universalis.app/market/2504
2507,Amateur's Culinary Knife,Annikah Hansen,2000,1,2023-08-21T15:25:45.000Z,https://universalis.app/market/2507
2508,Bronze Culinary Knife,Manuel Greenveil,5000,1,2023-09-05T13:53:30.000Z,https://universalis.app/market/2508
2510,Iron Culinary Knife,Ormir Vale,7019,1,2023-08-24T01:48:13.000Z,https://universalis.app/market/2510
2511,Initiate's Culinary Knife,Jasper James,5000,1,2023-09-02T03:40:52.000Z,https://universalis.app/market/2511
2513,Steel Culinary Knife,Coffee Capybara,30000,1,2023-08-28T08:06:07.000Z,https://universalis.app/market/2513
2514,Wrapped Steel Culinary Knife,Rubee Applesauce,17866,1,2023-08-23T22:02:39.000Z,https://universalis.app/market/2514
2516,Mythril Culinary Knife,Aly Non,73497,1,2023-09-06T17:59:35.000Z,https://universalis.app/market/2516
2517,Cobalt Culinary Knife,Tohru Kobayashi,19999,1,2023-09-11T03:04:43.000Z,https://universalis.app/market/2517
2518,Militia Culinary Knife,Rubee Applesauce,50000,1,2023-08-23T23:14:37.000Z,https://universalis.app/market/2518
2520,Bronze Pickaxe,Mira Shimono,4111,1,2023-08-31T00:50:42.000Z,https://universalis.app/market/2520
2521,Amateur's Pickaxe,Umbra Moon,3000,1,2023-09-06T19:11:47.000Z,https://universalis.app/market/2521
2522,Plumed Bronze Pickaxe,Rish Moir,10011,1,2023-08-28T14:31:23.000Z,https://universalis.app/market/2522
2523,Iron Pickaxe,Crimson Alpha,20000,1,2023-08-24T17:56:35.000Z,https://universalis.app/market/2523
2524,Initiate's Pickaxe,Gundyr Alter,1150,1,2023-08-23T02:20:51.000Z,https://universalis.app/market/2524
2525,Iron Dolabra,Wax-on Wax-off,30000,1,2023-09-13T18:20:34.000Z,https://universalis.app/market/2525
2526,Steel Pickaxe,Chi Usagi,10000,1,2023-08-22T13:25:22.000Z,https://universalis.app/market/2526
2527,Steel Dolabra,Rasandria Heavensfall,15000,1,2023-08-24T13:04:30.000Z,https://universalis.app/market/2527
2528,Plumed Mythril Pickaxe,Mia Tachikake,30074,1,2023-08-25T23:58:23.000Z,https://universalis.app/market/2528
5327,Undyed Linen,Valerie Belemne,2200,4,2023-08-28T05:00:44.000Z,https://universalis.app/market/5327
2529,Cobalt Dolabra,Light Lorelei,9092,1,2023-09-04T19:38:56.000Z,https://universalis.app/market/2529
2530,Egret Dolabra,Naomi Kusakari,60000,1,2023-09-11T10:11:26.000Z,https://universalis.app/market/2530
2534,Bronze Sledgehammer,Jasper James,10000,1,2023-08-26T06:11:09.000Z,https://universalis.app/market/2534
2536,Initiate's Sledgehammer,Kaplan Cadmus,19979,1,2023-08-25T21:48:14.000Z,https://universalis.app/market/2536
2537,Iron Sledgehammer,Biggee Johnson,5024,1,2023-09-03T11:22:14.000Z,https://universalis.app/market/2537
2539,Steel Sledgehammer,Varose Kiendae,20049,1,2023-08-30T02:51:49.000Z,https://universalis.app/market/2539
2542,Mythril Sledgehammer,Colin Kenobi,29092,1,2023-09-05T03:08:42.000Z,https://universalis.app/market/2542
2543,Cobalt Sledgehammer,Masha Zolsesi,45000,1,2023-08-31T23:49:21.000Z,https://universalis.app/market/2543
2544,Militia Sledgehammer,Roselynn Wolfe,49974,1,2023-09-10T11:00:17.000Z,https://universalis.app/market/2544
2546,Bronze Hatchet,Phran Thresher,5000,1,2023-08-26T00:33:19.000Z,https://universalis.app/market/2546
2547,Amateur's Hatchet,Juicy Iryut,17000,1,2023-09-11T05:27:20.000Z,https://universalis.app/market/2547
2548,Iron Hatchet,Airi Tachibana,17003,1,2023-09-11T19:45:17.000Z,https://universalis.app/market/2548
2549,Initiate's Hatchet,Tearsis Lunaria,19979,1,2023-08-28T00:07:38.000Z,https://universalis.app/market/2549
2550,Brass Hatchet,Ryss Gealson,25000,1,2023-08-29T01:48:51.000Z,https://universalis.app/market/2550
2551,Plumed Iron Hatchet,Shree Kachu,29999,1,2023-09-06T06:05:38.000Z,https://universalis.app/market/2551
5359,Chocobo Feather,Neff En,2000,1,2023-08-27T19:44:23.000Z,https://universalis.app/market/5359
2552,Steel Hatchet,White Ztar,40000,1,2023-09-08T06:09:44.000Z,https://universalis.app/market/2552
2553,Plumed Steel Hatchet,O'aka Xxiii,8000,1,2023-09-01T17:54:48.000Z,https://universalis.app/market/2553
2554,Mythril Hatchet,Knives Ciao,30077,1,2023-08-24T21:31:14.000Z,https://universalis.app/market/2554
2555,Cobalt Hatchet,Akuma Mir,29999,1,2023-08-23T01:31:18.000Z,https://universalis.app/market/2555
2556,Horned Hatchet,Yugi Momo,50000,1,2023-08-23T03:26:34.000Z,https://universalis.app/market/2556
2560,Bronze Scythe,Hunteressa Herveaux,20009,1,2023-08-31T22:52:14.000Z,https://universalis.app/market/2560
2562,Iron Scythe,Miyamoto Musashi,20019,1,2023-09-05T08:47:19.000Z,https://universalis.app/market/2562
2563,Initiate's Scythe,Xeos Xeor,33000,1,2023-08-26T16:43:08.000Z,https://universalis.app/market/2563
2565,Steel Scythe,Gil Garth,12300,1,2023-08-22T22:21:07.000Z,https://universalis.app/market/2565
2566,Wrapped Steel Scythe,Akuma Mir,35000,1,2023-08-22T17:31:29.000Z,https://universalis.app/market/2566
2568,Mythril Scythe,Desh La'dyne,8999,1,2023-08-21T03:50:47.000Z,https://universalis.app/market/2568
2569,Cobalt Scythe,Akuma Mir,29999,1,2023-08-23T16:13:15.000Z,https://universalis.app/market/2569
2570,Militia Scythe,Ana Mae,49900,1,2023-08-31T18:32:58.000Z,https://universalis.app/market/2570
2572,Maple Fishing Rod,Yvelonta Voilinaut,550000000,1,2023-08-25T01:47:59.000Z,https://universalis.app/market/2572
2573,Amateur's Fishing Rod,Cok Gobbler,600,1,2023-08-23T18:09:37.000Z,https://universalis.app/market/2573
2574,Elm Fishing Rod,Rinni Rapport,6000,1,2023-09-13T17:46:48.000Z,https://universalis.app/market/2574
2575,Initiate's Fishing Rod,Jasper James,4900,1,2023-09-02T03:40:59.000Z,https://universalis.app/market/2575
2576,Yew Fishing Rod,Drefen Raexs,19000,1,2023-08-22T03:57:36.000Z,https://universalis.app/market/2576
2577,Staghorn Fishing Rod,Laura Zaledor,24999,1,2023-09-02T23:25:31.000Z,https://universalis.app/market/2577
2578,Walnut Fishing Rod,Emory Fletcher,29998,1,2023-08-22T21:46:20.000Z,https://universalis.app/market/2578
2579,Horn Fishing Rod,Stephanie Raela,10000,1,2023-08-28T06:03:15.000Z,https://universalis.app/market/2579
2580,Mahogany Fishing Rod,Ana Mae,50000,1,2023-09-13T17:56:07.000Z,https://universalis.app/market/2580
2581,Rosewood Fishing Rod,Meora Maar,10000,1,2023-09-14T02:31:44.000Z,https://universalis.app/market/2581
2582,Gilded Rosewood Fishing Rod,Original Stance,44995,1,2023-09-09T00:00:36.000Z,https://universalis.app/market/2582
2588,Crayfish Ball,Thalis Marvell,200,91,2023-08-31T19:09:31.000Z,https://universalis.app/market/2588
4825,Rye Flour,Nori Matsutake,400,1,2023-09-04T18:02:09.000Z,https://universalis.app/market/4825
4925,Crayfish,Rory Noire,999,5,2023-09-07T01:00:29.000Z,https://universalis.app/market/4925
2589,Goby Ball,Zephyrith White,200,10,2023-08-21T23:59:04.000Z,https://universalis.app/market/2589
4931,Dusk Goby,Nori Matsutake,601,5,2023-09-04T18:15:29.000Z,https://universalis.app/market/4931
2593,Crab Ball,Toff Kobalos,90,50,2023-09-09T21:42:50.000Z,https://universalis.app/market/2593
4880,Helmet Crab,Rubee Applesauce,5000,7,2023-08-23T20:50:28.000Z,https://universalis.app/market/4880
2595,Bass Ball,Shiro Chan,10,96,2023-08-28T17:25:59.000Z,https://universalis.app/market/2595
4826,Sunset Wheat Flour,Tummy Pain,500,8,2023-09-10T04:35:23.000Z,https://universalis.app/market/4826
4959,Dark Bass,Gato'a Mrehanoa,3000,1,2023-08-30T04:43:51.000Z,https://universalis.app/market/4959
2598,Herring Ball,Mister Wonderful,99,99,2023-09-04T12:54:40.000Z,https://universalis.app/market/2598
4895,Indigo Herring,Rhel'ryo Jinjahl,1000,2,2023-09-07T22:20:25.000Z,https://universalis.app/market/4895
2610,Chocobo Fly,Noctus Hylnoir,490,99,2023-09-07T08:05:37.000Z,https://universalis.app/market/2610
2611,Floating Minnow,Vern Valentine,10,80,2023-09-09T00:33:39.000Z,https://universalis.app/market/2611
2612,Brass Spoon Lure,Travesty Rivia,230,6,2023-09-03T13:46:28.000Z,https://universalis.app/market/2612
2614,Crow Fly,Baelzharok Zharon,1301,1,2023-08-28T21:49:07.000Z,https://universalis.app/market/2614
2615,Silver Spoon Lure,Torsten Foxe,150,3,2023-08-27T23:17:29.000Z,https://universalis.app/market/2615
2616,Steel Jig,Fya D'bois,110,3,2023-09-08T00:57:54.000Z,https://universalis.app/market/2616
2617,Sinking Minnow,Soppa Naama,3000,5,2023-09-04T20:11:08.000Z,https://universalis.app/market/2617
2618,Snurble Fly,Texas Rose,3000,5,2023-08-21T02:40:47.000Z,https://universalis.app/market/2618
5349,Snurble Tufts,Rialani Gernhart,1500,3,2023-08-22T05:17:29.000Z,https://universalis.app/market/5349
2619,Heavy Steel Jig,Sumi Masenn,3200,5,2023-08-27T10:10:11.000Z,https://universalis.app/market/2619
2620,Spinner,A'stra Tia,5000,12,2023-09-11T09:12:31.000Z,https://universalis.app/market/2620
4900,Whitelip Oyster,Tabius Korinthos,9920,1,2023-08-22T22:17:46.000Z,https://universalis.app/market/4900
2622,Mythril Spoon Lure,B'raht Tia',411,10,2023-08-29T19:11:23.000Z,https://universalis.app/market/2622
2623,Wildfowl Fly,Rialani Gernhart,299,5,2023-08-29T04:07:17.000Z,https://universalis.app/market/2623
2624,Topwater Frog,Tana Kimura,5000,1,2023-09-07T17:45:19.000Z,https://universalis.app/market/2624
2625,Rainbow Spoon Lure,Crioni Kurogane,3988,1,2023-09-03T17:44:45.000Z,https://universalis.app/market/2625
5466,Blacklip Oyster,Zuella De'ville,7000,1,2023-08-28T05:55:47.000Z,https://universalis.app/market/5466
2626,Spinnerbait,Crathos Dragoon,9997,8,2023-09-09T04:02:18.000Z,https://universalis.app/market/2626
5329,Undyed Felt,Oompa Loompah,7500,1,2023-09-15T08:27:19.000Z,https://universalis.app/market/5329
2627,Streamer,Rialani Gernhart,3000,5,2023-08-28T23:33:37.000Z,https://universalis.app/market/2627
2628,Yumizuno,Ezra Fyth,9014,5,2023-09-10T21:18:05.000Z,https://universalis.app/market/2628
2629,Hempen Coif,Venat Stern,25000,1,2023-09-02T21:19:04.000Z,https://universalis.app/market/2629
2630,Hempen Coif of Gathering,Pol Gara,3002,1,2023-09-12T23:59:10.000Z,https://universalis.app/market/2630
2631,Leather Calot,Buddy Palo'mine,17000,1,2023-08-24T01:24:29.000Z,https://universalis.app/market/2631
12590,Ramie Cloth,Sunrise Lockhart,7500,2,2023-09-16T04:49:55.000Z,https://universalis.app/market/12590
12595,Ramie Thread,Jero Ko,1300,1,2023-09-16T01:41:18.000Z,https://universalis.app/market/12595
2652,Hempen Bandana,Silas Othemaas,5000,1,2023-09-15T19:27:13.000Z,https://universalis.app/market/2652
2653,Leather Eyepatch,Odette Farrell,25000,1,2023-09-13T08:24:12.000Z,https://universalis.app/market/2653
2654,Hard Leather Pot Helm,Yumiko Imagawa,5500000,1,2023-09-14T23:26:44.000Z,https://universalis.app/market/2654
2655,Hempen Hat,Vyncent Winsome,20000,1,2023-09-04T19:47:57.000Z,https://universalis.app/market/2655
2656,Bronze Chain Coif,Eir Morn,75000000,1,2023-08-27T03:58:54.000Z,https://universalis.app/market/2656
5081,Bronze Rings,Nanaki Kia,99,2,2023-09-06T05:20:51.000Z,https://universalis.app/market/5081
2658,Straw Hat,Laza Naharis,14000,1,2023-09-06T00:38:53.000Z,https://universalis.app/market/2658
5342,Straw,Arthur Light,800,10,2023-08-24T04:11:44.000Z,https://universalis.app/market/5342
2660,Amateur's Headgear,Lo'z Sukehiro,4999,1,2023-09-02T23:07:25.000Z,https://universalis.app/market/2660
2661,Amateur's Hempen Coif,Lust Ul'timecia,10000,1,2023-09-07T19:29:49.000Z,https://universalis.app/market/2661
2662,Bronze Sallet,Syeirra Forelight,10000,1,2023-09-13T05:36:42.000Z,https://universalis.app/market/2662
2663,Stablemaid's Hat,Sylvian Moondown,3000,1,2023-09-01T02:11:28.000Z,https://universalis.app/market/2663
5540,Carnation,Genethiel Sorphadier,10,4,2023-08-25T01:54:03.000Z,https://universalis.app/market/5540
2664,Bronze Barbut,Stevie Thomas,9999,1,2023-09-12T14:10:40.000Z,https://universalis.app/market/2664
2665,Cotton Turban,Lyney Hearth,2801,1,2023-08-23T02:24:50.000Z,https://universalis.app/market/2665
2666,Stablehand's Hat,Shion Emberbloom,11000,1,2023-09-08T01:11:53.000Z,https://universalis.app/market/2666
2668,Brass Spectacles,Una Polaali,15000,1,2023-08-27T19:14:32.000Z,https://universalis.app/market/2668
5512,Clear Glass Lens,Mika Moonlight,1000,1,2023-09-17T19:08:16.000Z,https://universalis.app/market/5512
2669,Hard Leather Eyepatch,Pe'tai Fane,19,1,2023-08-26T23:49:32.000Z,https://universalis.app/market/2669
2670,Cotton Scarf,Monka Yesss,20000,1,2023-09-09T05:37:08.000Z,https://universalis.app/market/2670
2672,Hard Leather Skullcap,Jumbo Jimbo,10000,1,2023-09-07T13:10:47.000Z,https://universalis.app/market/2672
2673,Bronze Celata,Golden Dust,20000,1,2023-09-08T23:59:17.000Z,https://universalis.app/market/2673
2675,Ash Mask,Yong Park,2500,1,2023-08-24T03:24:03.000Z,https://universalis.app/market/2675
2677,Hunting Hat,Juls Kilgraven,2000,1,2023-09-14T08:36:48.000Z,https://universalis.app/market/2677
2680,Decorated Bronze Barbut,Soulcry Bellylaugh,20000,1,2023-09-03T14:04:27.000Z,https://universalis.app/market/2680
2685,Brass Circlet (Sunstone),Moon Binnie,4999,1,2023-08-30T04:54:47.000Z,https://universalis.app/market/2685
5169,Sunstone,Nina Axeton,1000,10,2023-08-22T19:46:13.000Z,https://universalis.app/market/5169
2687,Brass Circlet (Danburite),Aura Eldorado,8900,1,2023-09-07T23:15:45.000Z,https://universalis.app/market/2687
5170,Danburite,Jair Bolsonaro,600,2,2023-08-31T03:29:38.000Z,https://universalis.app/market/5170
2689,Brass Circlet (Malachite),Kavarion Sien,2010,1,2023-09-13T16:27:15.000Z,https://universalis.app/market/2689
5171,Malachite,Cherry Whiskey,4999,2,2023-08-31T19:24:10.000Z,https://universalis.app/market/5171
2691,Brass Circlet (Sphene),Samuel Poe,9950,1,2023-09-13T06:41:25.000Z,https://universalis.app/market/2691
5172,Sphene,Rafi Ella,250,2,2023-09-07T02:13:00.000Z,https://universalis.app/market/5172
2693,Brass Circlet (Fluorite),Laura Zaledor,850,1,2023-08-30T03:55:49.000Z,https://universalis.app/market/2693
5173,Fluorite,Saya Neko-chan,1000,2,2023-09-04T02:30:50.000Z,https://universalis.app/market/5173
2695,Brass Circlet (Lapis Lazuli),Atlias Nabali,1052,1,2023-08-28T03:26:06.000Z,https://universalis.app/market/2695
5174,Lapis Lazuli,Asmodeus Wunderflux,799,2,2023-09-05T06:11:26.000Z,https://universalis.app/market/5174
2697,Goatskin Pot Helm,Milaen Fyth,5000,1,2023-08-25T13:21:07.000Z,https://universalis.app/market/2697
2699,Cotton Coif,Laura Zaledor,8499,1,2023-08-29T16:18:22.000Z,https://universalis.app/market/2699
2700,Cotton Coif of Gathering,Miyamoto Musashi,25000,1,2023-09-05T08:47:40.000Z,https://universalis.app/market/2700
2703,Ash Mask (Lapis Lazuli),Leili Kouris,5000,1,2023-09-15T02:23:28.000Z,https://universalis.app/market/2703
2708,Iron Sallet,Laura Zaledor,7500,1,2023-08-31T20:02:18.000Z,https://universalis.app/market/2708
2710,Goatskin Eyepatch,Sildarius Gautroix,6000000,1,2023-09-09T00:50:36.000Z,https://universalis.app/market/2710
5082,Iron Rings,Sunrise Lockhart,1400,13,2023-09-06T03:50:01.000Z,https://universalis.app/market/5082
2714,Initiate's Headgear,Sasa Nori,49999,1,2023-08-26T14:52:13.000Z,https://universalis.app/market/2714
2719,Cotton Sugarloaf Hat,Farsha Xhula,3500,1,2023-09-03T23:39:39.000Z,https://universalis.app/market/2719
2723,Iron Elmo,Cainus Latrans,10000,1,2023-08-28T00:39:32.000Z,https://universalis.app/market/2723
2725,Reinforced Iron Sallet,Aichi Sendou,15000,1,2023-09-05T03:09:30.000Z,https://universalis.app/market/2725
2727,Velveteen Bandana,Earl Flatpants,7000,1,2023-09-15T01:20:51.000Z,https://universalis.app/market/2727
2728,Silver Spectacles,Eira Amos,15000,1,2023-09-02T06:32:13.000Z,https://universalis.app/market/2728
2729,Velveteen Turban,Mide Mizuki,12000,1,2023-09-01T06:50:18.000Z,https://universalis.app/market/2729
2731,Silver Magnifiers,Drefen Raexs,23995,1,2023-08-27T05:59:35.000Z,https://universalis.app/market/2731
2733,Velveteen Wedge Cap of Crafting,Rory Noire,30000,1,2023-09-17T12:58:09.000Z,https://universalis.app/market/2733
2734,Velveteen Wedge Cap of Gathering,Nikka Megami,18021,1,2023-09-07T02:13:49.000Z,https://universalis.app/market/2734
2735,Silver Circlet (Garnet),Ryuei Luca,24499,1,2023-08-27T05:02:39.000Z,https://universalis.app/market/2735
5175,Garnet,Raihan Thromstalk,500,1,2023-08-25T09:17:09.000Z,https://universalis.app/market/5175
2737,Silver Circlet (Goshenite),Grey Charfang,24500,1,2023-08-23T02:57:01.000Z,https://universalis.app/market/2737
5176,Goshenite,Max Tragic,300,6,2023-08-29T00:07:17.000Z,https://universalis.app/market/5176
2739,Silver Circlet (Peridot),Altea Dawn,15000,1,2023-08-22T23:34:15.000Z,https://universalis.app/market/2739
5177,Peridot,Ophelia Gojko,200,1,2023-09-08T21:56:19.000Z,https://universalis.app/market/5177
2741,Silver Circlet (Heliodor),Natsu Otsusuki,15000,1,2023-09-14T20:39:48.000Z,https://universalis.app/market/2741
5178,Heliodor,Ms Eldari,1000,2,2023-09-15T19:20:30.000Z,https://universalis.app/market/5178
2743,Silver Circlet (Amethyst),Fakhet Ragnall,20000,1,2023-09-03T12:21:43.000Z,https://universalis.app/market/2743
5179,Amethyst,Chito Yuuri,300,2,2023-09-13T12:26:09.000Z,https://universalis.app/market/5179
2745,Silver Circlet (Aquamarine),Arthur Matson,15000,1,2023-08-27T04:54:12.000Z,https://universalis.app/market/2745
5180,Aquamarine,Sleepy Mal,1001,1,2023-08-24T03:28:58.000Z,https://universalis.app/market/5180
2750,Velveteen Beret,Arthrilhed Langdale,50000,1,2023-09-14T21:35:13.000Z,https://universalis.app/market/2750
5343,Cotton Boll,Tabius Korinthos,1000,10,2023-08-26T00:52:20.000Z,https://universalis.app/market/5343
5355,Dodo Feather,Finnin Vurith,699,7,2023-08-21T03:28:58.000Z,https://universalis.app/market/5355
2753,Steel Sallet,Aurelio Vexus,39999,1,2023-08-21T14:07:30.000Z,https://universalis.app/market/2753
2755,Steel Celata,Casimir Arveh,30000,1,2023-09-14T02:03:13.000Z,https://universalis.app/market/2755
2757,Vintage Celata,Raszire Coriver,20000,1,2023-08-21T21:04:16.000Z,https://universalis.app/market/2757
2758,Steel Goggles,Phantom Dubhghall,375500000,1,2023-08-26T00:25:46.000Z,https://universalis.app/market/2758
2763,Velveteen Sugarloaf Hat,Ramu Silly,40000,1,2023-09-14T03:24:50.000Z,https://universalis.app/market/2763
2765,Steel Elmo,Alise Ku-yunaris,15000,1,2023-08-30T14:51:52.000Z,https://universalis.app/market/2765
2767,Skull Eyepatch,Madia Eclipsol,200000,1,2023-09-11T20:55:14.000Z,https://universalis.app/market/2767
2769,Mythril Magnifiers,Drowned Cat,29031,1,2023-08-25T05:09:43.000Z,https://universalis.app/market/2769
2774,Mythril Spectacles,Kokomo Komo,30000,1,2023-09-17T14:29:49.000Z,https://universalis.app/market/2774
2776,Linen Turban,Maester Guado,30000,1,2023-09-15T03:11:18.000Z,https://universalis.app/market/2776
2778,Angler's Hat,Akuma Mir,25000,1,2023-08-22T17:31:56.000Z,https://universalis.app/market/2778
2779,Linen Hat,Varose Kiendae,34999,1,2023-08-30T02:52:37.000Z,https://universalis.app/market/2779
2785,Vintage Chef's Hat,Coffee Capybara,29997,1,2023-08-31T18:23:50.000Z,https://universalis.app/market/2785
2786,Steel Barbut,Riona Heartilly,15000,1,2023-09-01T00:41:41.000Z,https://universalis.app/market/2786
2788,Boarskin Pot Helm,Raikazu Moss,15000,1,2023-09-09T15:21:13.000Z,https://universalis.app/market/2788
2790,Mythril Circlet (Rubellite),Gary Indiana,15000,1,2023-09-11T20:55:38.000Z,https://universalis.app/market/2790
5181,Rubellite,Spllyn Iam,102,3,2023-08-31T22:01:59.000Z,https://universalis.app/market/5181
2792,Mythril Circlet (Zircon),Cyrus Snowden,9999,1,2023-08-21T06:42:34.000Z,https://universalis.app/market/2792
5182,Zircon,Darth Adriano,1000,2,2023-09-05T14:49:28.000Z,https://universalis.app/market/5182
2796,Mythril Circlet (Amber),Michael Kist,5399,1,2023-08-23T22:56:44.000Z,https://universalis.app/market/2796
5184,Amber,Rain Fairbright,1000,1,2023-08-25T15:46:40.000Z,https://universalis.app/market/5184
2798,Mythril Circlet (Spinel),Ashlay Lightforged,5500,1,2023-08-29T04:40:11.000Z,https://universalis.app/market/2798
5185,Spinel,Champagne Mami,1000,2,2023-08-21T16:59:08.000Z,https://universalis.app/market/5185
2800,Mythril Circlet (Turquoise),Alessia Targaryen,5500,1,2023-08-29T01:49:07.000Z,https://universalis.app/market/2800
5186,Turquoise,Lux Umbra,100,1,2023-08-22T00:00:36.000Z,https://universalis.app/market/5186
2802,Mythril Elmo,Rin Yoshida,25000,1,2023-08-25T21:11:00.000Z,https://universalis.app/market/2802
2804,Linen Wedge Cap of Crafting,Claudio Killganon,6500,1,2023-08-21T20:05:39.000Z,https://universalis.app/market/2804
2805,Linen Wedge Cap of Gathering,Astrid Tanaka,7500,1,2023-08-25T13:56:10.000Z,https://universalis.app/market/2805
2806,Woolen Coif,Abby Whelihan,19888,1,2023-08-24T18:57:56.000Z,https://universalis.app/market/2806
5328,Undyed Woolen Cloth,Odinel Kemp,19000,2,2023-09-13T16:10:01.000Z,https://universalis.app/market/5328
2808,Woolen Coif of Gathering,Bowser Bowser,34974,1,2023-08-26T02:44:06.000Z,https://universalis.app/market/2808
2810,Woolen Turban,Megumin Megumi,39000,1,2023-09-02T23:37:53.000Z,https://universalis.app/market/2810
2812,Mythril Celata,Me-and Meatball,25000,1,2023-08-22T03:47:03.000Z,https://universalis.app/market/2812
5089,Mythril Rings,Pella Peach,3000,1,2023-09-14T01:08:02.000Z,https://universalis.app/market/5089
2814,Woolen Hat,Nating Akechi,29500,1,2023-08-27T01:33:33.000Z,https://universalis.app/market/2814
2816,Linen Deerstalker,Ikina Icefox,20000,1,2023-09-02T22:10:23.000Z,https://universalis.app/market/2816
2817,Mythril Barbut,Ash Brogen,24000,1,2023-09-14T02:18:54.000Z,https://universalis.app/market/2817
2819,Mythril Mesail,Mia Tachikake,35000,1,2023-08-30T23:59:09.000Z,https://universalis.app/market/2819
2825,Ranger's Hat,Nanette Auer,15000,1,2023-09-16T00:18:56.000Z,https://universalis.app/market/2825
2829,Woolen Beret,Mint Laqi,39989,1,2023-08-29T02:49:26.000Z,https://universalis.app/market/2829
5348,Apkallu Down,Effie Lucidia,2380,15,2023-08-21T03:34:03.000Z,https://universalis.app/market/5348
2830,Reinforced Mythril Elmo,Shinya Nouzen,49999,1,2023-08-26T22:35:41.000Z,https://universalis.app/market/2830
2832,Woolen Cavalier's Hat,Maeve Moon,300,1,2023-09-16T01:37:02.000Z,https://universalis.app/market/2832
2834,Cobalt Preserves,Sierra Northwind,30000,1,2023-08-26T03:46:47.000Z,https://universalis.app/market/2834
2835,Felt Coif,Lilith Lamenza,15000,1,2023-08-27T01:39:35.000Z,https://universalis.app/market/2835
2837,Felt Coif of Gathering,Original Stance,18999,1,2023-09-08T10:57:30.000Z,https://universalis.app/market/2837
2850,Cobalt Elmo,Cherry Fuzz,7000,1,2023-09-06T04:56:52.000Z,https://universalis.app/market/2850
2852,Felt Hat,Ergene Dalamiq,30000,1,2023-09-07T18:18:03.000Z,https://universalis.app/market/2852
2854,Woolen Deerstalker,Ryuxin Zantetsuken,35000,1,2023-08-23T00:34:12.000Z,https://universalis.app/market/2854
2855,Vintage Jester's Cap,Rin Mentham,29999,1,2023-09-06T06:57:44.000Z,https://universalis.app/market/2855
2857,Electrum Monocle,Kefla Alberona,25500,1,2023-08-22T02:29:07.000Z,https://universalis.app/market/2857
5087,Brass Rings,Kona Keurilin,500,2,2023-09-12T14:13:46.000Z,https://universalis.app/market/5087
2859,Cobalt Barbut,Mirabella Mercer,29000,1,2023-09-11T23:30:09.000Z,https://universalis.app/market/2859
2861,Cobalt Mesail,Skye Pond,45000,1,2023-09-06T23:35:20.000Z,https://universalis.app/market/2861
2862,Raptorskin Pot Helm,Visenya Andretta,12000,1,2023-09-12T06:44:51.000Z,https://universalis.app/market/2862
2870,Electrum Circlet (Rubellite),Kyro Tachikake,23000,1,2023-08-22T01:34:27.000Z,https://universalis.app/market/2870
2872,Electrum Circlet (Zircon),Airi Tachibana,39999,1,2023-09-08T01:21:11.000Z,https://universalis.app/market/2872
2874,Electrum Circlet (Tourmaline),Finn Scylla,3495,1,2023-09-09T01:18:25.000Z,https://universalis.app/market/2874
2876,Electrum Circlet (Amber),Mashed Purrtato,39999,1,2023-09-07T01:27:07.000Z,https://universalis.app/market/2876
2878,Electrum Circlet (Spinel),Jaya Folthorne,39999,1,2023-09-07T22:21:58.000Z,https://universalis.app/market/2878
2880,Electrum Circlet (Turquoise),Vast Bear,5999,1,2023-08-28T02:09:18.000Z,https://universalis.app/market/2880
2882,Rainmaker's Hat,Naomi Kusakari,28000,1,2023-09-11T20:52:54.000Z,https://universalis.app/market/2882
5084,Cobalt Rings,Lenus Kisaragi,1500,1,2023-08-29T22:43:57.000Z,https://universalis.app/market/5084
2886,Felt Beret,Sylvie Sunrider,29900,1,2023-09-11T18:10:10.000Z,https://universalis.app/market/2886
2888,Vintage Coif,Dorinere Calfslasher,29000,1,2023-09-11T21:59:59.000Z,https://universalis.app/market/2888
2889,Cobalt Celata,Saltheart Foamfollow,1500,1,2023-09-14T00:50:39.000Z,https://universalis.app/market/2889
2891,Felt Cavalier's Hat,Ari Kamikura,25500,1,2023-09-04T00:59:19.000Z,https://universalis.app/market/2891
2893,Cobalt Sallet,Rei Kurotsuki,20000,1,2023-09-05T06:28:09.000Z,https://universalis.app/market/2893
2895,Patrician's Wedge Cap,Kael Morhen,49999,1,2023-08-25T05:19:07.000Z,https://universalis.app/market/2895
2911,Militia Barbut,Rabbit Kagon,10065,1,2023-08-22T09:08:58.000Z,https://universalis.app/market/2911
2912,Militia Armet,Garion Riley,4393,1,2023-09-14T13:00:16.000Z,https://universalis.app/market/2912
2913,Militia Hat,Bob Emerys,4498,1,2023-08-27T06:23:11.000Z,https://universalis.app/market/2913
2915,Silver Tricorne,Yuki Ronso,8898,1,2023-09-07T23:25:00.000Z,https://universalis.app/market/2915
5287,Uraeus Leather,Karma Mitsuke,10000,23,2023-09-16T19:34:45.000Z,https://universalis.app/market/5287
2921,Blacksmith's Goggles,Neio Sol'eki,9999,1,2023-09-05T01:34:41.000Z,https://universalis.app/market/2921
2922,Armorer's Visor,Lilja Voras,30000,1,2023-08-21T12:51:49.000Z,https://universalis.app/market/2922
2923,Goldsmith's Turban,Adia Amaya,10521,1,2023-08-22T17:42:44.000Z,https://universalis.app/market/2923
2924,Leatherworker's Hat,Indrigo Light,35000,1,2023-09-04T02:36:25.000Z,https://universalis.app/market/2924
2925,Weaver's Gibus,Jin-e Udo,14954,1,2023-09-02T09:03:00.000Z,https://universalis.app/market/2925
2926,Alchemist's Monocle,Eirika Polarlicht,30000,1,2023-09-09T20:31:18.000Z,https://universalis.app/market/2926
2927,Culinarian's Hat,Tyon Allenmoore,29000,1,2023-08-31T09:16:16.000Z,https://universalis.app/market/2927
2928,Hamlet Digger's Helmet,Mika Lawrence,24000,1,2023-08-31T13:16:08.000Z,https://universalis.app/market/2928
2929,Hamlet Cutter's Hat,Layah O'rhora,31980,1,2023-09-03T22:38:54.000Z,https://universalis.app/market/2929
2930,Hamlet Puller's Hat,Covva Foixewesfv,30000,1,2023-09-10T05:01:04.000Z,https://universalis.app/market/2930
2932,Rose Gold Circlet,Silly-little Guy,17500,1,2023-08-23T03:43:58.000Z,https://universalis.app/market/2932
2931,Legionary Visor,Merlin Emryss,30000000,1,2023-09-15T22:20:05.000Z,https://universalis.app/market/2931
5067,Rose Gold Ingot,Beba Loot,1250,1,2023-09-17T19:56:46.000Z,https://universalis.app/market/5067
2933,Imperial Operative Tricorne,Divina Rae,4500,1,2023-08-30T21:15:52.000Z,https://universalis.app/market/2933
2938,Gryphonskin Bandana,Spooky Izsnk,4996,1,2023-09-09T04:42:59.000Z,https://universalis.app/market/2938
5289,Hard Hippogryph Leather,D'uchess Katillina,5002,1,2023-09-07T17:09:28.000Z,https://universalis.app/market/5289
2940,Darksteel Chain Coif,Advent Strife,5000,1,2023-09-02T07:46:50.000Z,https://universalis.app/market/2940
5085,Darksteel Rings,Anastasia Bloodletter,4500,7,2023-09-03T20:18:13.000Z,https://universalis.app/market/5085
2941,Vanya Hat of Casting,Mavis Quinn,6100,1,2023-09-02T05:53:03.000Z,https://universalis.app/market/2941
5577,Vanya Silk Hat Lining,Didri Winterset,2200,8,2023-09-05T02:11:28.000Z,https://universalis.app/market/5577
2942,Vanya Hat of Healing,Octavius Venquilicus,4499,1,2023-08-21T04:13:22.000Z,https://universalis.app/market/2942
2958,Hempen Dalmatica,Grim Duck,999,1,2023-09-03T00:38:53.000Z,https://universalis.app/market/2958
2959,Hempen Dalmatica of Gathering,Crimson Alpha,700,1,2023-08-26T06:02:01.000Z,https://universalis.app/market/2959
2960,Hempen Tunic,Jayme Jae,15200000,1,2023-09-12T19:06:05.000Z,https://universalis.app/market/2960
2961,Hempen Kurta,Fei Bao,16000000,1,2023-09-12T00:55:43.000Z,https://universalis.app/market/2961
2993,Company Tabard,Elizabeth Quinn,1599900,1,2023-08-29T01:53:52.000Z,https://universalis.app/market/2993
2996,Hempen Undershirt,Lo'z Sukehiro,700,1,2023-08-29T16:09:36.000Z,https://universalis.app/market/2996
2997,Hempen Camise,Merzi Amaya,21400000,1,2023-09-06T04:49:57.000Z,https://universalis.app/market/2997
2999,Hempen Tabard,Mahalath Bloodmoon,28949,1,2023-09-10T01:34:36.000Z,https://universalis.app/market/2999
3000,Hempen Cowl,Xavic Vaughn,3000,1,2023-09-08T00:57:21.000Z,https://universalis.app/market/3000
3001,Hempen Shepherd's Tunic,Mercenary Hunter,9000,1,2023-08-28T20:07:37.000Z,https://universalis.app/market/3001
3008,Hempen Acton,Jugo Ahta,1500,1,2023-08-26T21:53:23.000Z,https://universalis.app/market/3008
5341,Moko Grass,Eldraxion Flarose,200,20,2023-09-16T01:46:25.000Z,https://universalis.app/market/5341
3010,Hempen Halfrobe,Sasha Moonglow,18000000,1,2023-09-16T05:49:23.000Z,https://universalis.app/market/3010
3011,Bronze Haubergeon,Rory Noire,5000,1,2023-09-09T01:05:34.000Z,https://universalis.app/market/3011
3013,Amateur's Doublet Vest,Rated Blacky,7650,1,2023-09-03T02:07:25.000Z,https://universalis.app/market/3013
3014,Amateur's Kurta,Rory Noire,21107,1,2023-09-09T22:33:52.000Z,https://universalis.app/market/3014
3015,Amateur's Dalmatica,Lumi Belle,25000,1,2023-08-29T04:59:09.000Z,https://universalis.app/market/3015
3016,Leather Jacket,Zo Kalar,5500,1,2023-08-31T23:51:33.000Z,https://universalis.app/market/3016
3017,Hard Leather Harness,Laza Naharis,10000,1,2023-09-06T02:34:42.000Z,https://universalis.app/market/3017
3018,Hempen Robe,Fox Shimura,10000,1,2023-09-07T10:22:11.000Z,https://universalis.app/market/3018
3019,Hempen Doublet Vest of Crafting,Rated Blacky,500,1,2023-09-03T03:39:16.000Z,https://universalis.app/market/3019
3020,Hempen Doublet Vest of Gathering,Krieg Vollified,4000,1,2023-08-24T02:52:55.000Z,https://universalis.app/market/3020
3022,Cotton Shirt,Jasper James,3750,1,2023-09-01T03:27:39.000Z,https://universalis.app/market/3022
3023,Cotton Shepherd's Tunic,Dom Bunnsicle,7000,1,2023-08-21T22:51:49.000Z,https://universalis.app/market/3023
3024,Cotton Cowl,Zelda Faye,1011,1,2023-08-23T02:31:00.000Z,https://universalis.app/market/3024
3026,Bronze Cuirass,Marleena Vox,360,1,2023-09-09T18:37:28.000Z,https://universalis.app/market/3026
3028,Cotton Tabard,Red Helheim,2000,1,2023-08-27T02:38:02.000Z,https://universalis.app/market/3028
3036,Cotton Dalmatica,Minerva Monroe,5000,1,2023-08-26T17:42:08.000Z,https://universalis.app/market/3036
3038,Cotton Dalmatica of Gathering,Skyangel Mibu,18500,1,2023-08-21T04:43:11.000Z,https://universalis.app/market/3038
3039,Cotton Acton,Gurann Natsu,10000,1,2023-08-23T21:10:43.000Z,https://universalis.app/market/3039
3041,Cotton Kurta,Dorys Lanquairt,6013,1,2023-08-25T21:16:09.000Z,https://universalis.app/market/3041
3043,Goatskin Jacket,Ignia Solarblade,900,1,2023-09-01T07:04:54.000Z,https://universalis.app/market/3043
3045,Iron Cuirass,Jasper James,895,1,2023-09-02T03:41:50.000Z,https://universalis.app/market/3045
3050,Cotton Halfrobe,A'marya Stark,5000,1,2023-08-26T03:41:45.000Z,https://universalis.app/market/3050
3052,Cotton Doublet Vest of Crafting,Rachine Gucuma,49999,1,2023-08-28T00:03:23.000Z,https://universalis.app/market/3052
3053,Cotton Doublet Vest of Gathering,A'marya Stark,35000,1,2023-08-26T03:43:59.000Z,https://universalis.app/market/3053
3057,Iron Scale Mail,Lucille Grandark,15000,1,2023-09-15T22:29:21.000Z,https://universalis.app/market/3057
3060,Cotton Trapper's Tunic,Yun Kai,1000,1,2023-09-07T10:28:59.000Z,https://universalis.app/market/3060
3062,Cotton Robe,Narissa Skydragon,8000,1,2023-09-10T03:08:46.000Z,https://universalis.app/market/3062
3064,Initiate's Doublet Vest,Aura Eldorado,11250,1,2023-09-08T22:03:57.000Z,https://universalis.app/market/3064
3065,Initiate's Gown,Original Stance,7800,1,2023-09-08T09:12:18.000Z,https://universalis.app/market/3065
3066,Velveteen Shirt,Odette Farrell,15000,1,2023-08-22T21:23:37.000Z,https://universalis.app/market/3066
3068,Heavy Iron Armor,Rorodio Xoxodio,117000000,1,2023-08-26T04:03:09.000Z,https://universalis.app/market/3068
3076,Vintage Coatee,Ivaldi Freyr,11000000,1,2023-09-14T02:52:10.000Z,https://universalis.app/market/3076
3009,Moth-eaten Coatee,Hunteressa Herveaux,10000,1,2023-08-24T01:51:25.000Z,https://universalis.app/market/3009
3077,Velveteen Coatee of Crafting,Nimue Umiko,29999,1,2023-08-30T21:36:46.000Z,https://universalis.app/market/3077
3090,Velveteen Cowl,Pistis Lai,11000,1,2023-09-10T03:31:22.000Z,https://universalis.app/market/3090
3092,Velveteen Coatee of Gathering,Naomi Kusakari,35000,1,2023-08-29T05:04:51.000Z,https://universalis.app/market/3092
3096,Steel Chainmail,Elyxian Inferno,50000,1,2023-08-22T21:33:45.000Z,https://universalis.app/market/3096
5083,Steel Rings,Bellah Rose,2000,1,2023-09-06T17:10:09.000Z,https://universalis.app/market/5083
3099,Toadskin Jerkin,Plushy Kitty,20000,1,2023-09-12T16:55:01.000Z,https://universalis.app/market/3099
3100,Toadskin Jacket,Venger Spinebreaker,26950000,1,2023-09-09T03:52:31.000Z,https://universalis.app/market/3100
3102,Steel Cuirass,Ian Smith,50000,1,2023-08-29T20:37:33.000Z,https://universalis.app/market/3102
3104,Velveteen Gown,Akuma Mir,20000,1,2023-09-11T18:57:56.000Z,https://universalis.app/market/3104
3105,Vintage Doublet Vest,Rose Merick,35000,1,2023-08-21T15:31:23.000Z,https://universalis.app/market/3105
2998,Frayed Cotton Doublet Vest,Asterios Drakon,5000,1,2023-08-22T09:46:24.000Z,https://universalis.app/market/2998
3106,Velveteen Robe,Sesi Song,40000,1,2023-09-13T22:24:14.000Z,https://universalis.app/market/3106
3118,Steel Scale Mail,Sumi Jizutsu,15000,1,2023-08-26T15:15:02.000Z,https://universalis.app/market/3118
3120,Velveteen Doublet Vest of Crafting,Ramu Silly,39999,1,2023-09-14T03:22:56.000Z,https://universalis.app/market/3120
3121,Velveteen Doublet Vest of Gathering,Naomi Kusakari,31988,1,2023-09-03T06:19:07.000Z,https://universalis.app/market/3121
3125,Linen Shirt,Slyxian Blackthorne,30000,1,2023-08-28T04:36:57.000Z,https://universalis.app/market/3125
3127,Heavy Steel Armor,Zhimei Su,25000,1,2023-08-22T07:33:47.000Z,https://universalis.app/market/3127
3131,Linen Robe,Riona Heartilly,20000,1,2023-08-28T22:39:33.000Z,https://universalis.app/market/3131
3137,Vintage Chef's Apron,Dorys Lanquairt,29999,1,2023-08-26T15:51:32.000Z,https://universalis.app/market/3137
3012,Stained Chef's Apron,Yunga Shannara,9054,1,2023-08-26T14:19:13.000Z,https://universalis.app/market/3012
3138,Boarskin Harness,Lady Satarel,200000,1,2023-09-16T03:45:57.000Z,https://universalis.app/market/3138
3140,Linen Cowl,Crogan Veridant,29991,1,2023-08-24T17:36:02.000Z,https://universalis.app/market/3140
3142,Horn Scale Mail,Shakkal Mhakaracca,60000,1,2023-08-27T04:40:01.000Z,https://universalis.app/market/3142
3144,Linen Coatee of Crafting,Wolfgang Speedwagon,35000,1,2023-08-21T02:49:22.000Z,https://universalis.app/market/3144
3145,Linen Coatee of Gathering,Cyreck Saikoro,33964,1,2023-08-26T21:35:09.000Z,https://universalis.app/market/3145
3146,Linen Bliaud,Lust Starry,50000000,1,2023-09-01T16:59:55.000Z,https://universalis.app/market/3146
3147,Woolen Shirt,Blackfire Phoenix,24000,1,2023-09-06T21:44:38.000Z,https://universalis.app/market/3147
3149,Mythril Cuirass,Kestla Haerfrask,55000,1,2023-09-14T01:29:31.000Z,https://universalis.app/market/3149
3160,Woolen Robe,Thalis Marvell,28250,1,2023-09-01T17:25:05.000Z,https://universalis.app/market/3160
3162,Linen Smock,Yashiro Nene,30000,1,2023-09-16T17:20:15.000Z,https://universalis.app/market/3162
3163,Linen Doublet,Naliann Qelnaar,36000,1,2023-09-03T06:13:47.000Z,https://universalis.app/market/3163
3164,Vintage Scale Mail,Raszire Coriver,25000,1,2023-08-23T03:30:26.000Z,https://universalis.app/market/3164
3021,Blackened Scale Mail,Mira Shimono,9999,1,2023-08-25T19:58:55.000Z,https://universalis.app/market/3021
3165,Peisteskin Harness,Caine Redgreave,43915,1,2023-08-27T23:44:59.000Z,https://universalis.app/market/3165
3172,Ranger's Tunic,Barley Grassarley,19999,1,2023-08-27T01:56:52.000Z,https://universalis.app/market/3172
3174,Mythril Haubergeon,Lust Ul'timecia,30000,1,2023-08-29T15:07:24.000Z,https://universalis.app/market/3174
3176,Woolen Gown,Kael Morhen,39999,1,2023-08-25T04:59:23.000Z,https://universalis.app/market/3176
3177,Boarskin Jerkin,Amata Karas,21999,1,2023-08-31T14:49:43.000Z,https://universalis.app/market/3177
3178,Woolen Bliaud,Sesena Sena,3501,1,2023-09-02T21:22:29.000Z,https://universalis.app/market/3178
3180,High Mythril Armor,Masha Zolsesi,50000,1,2023-08-30T04:17:22.000Z,https://universalis.app/market/3180
3182,Vintage Seneschal Coatee,Phoebix Alator,250000,1,2023-09-15T00:52:06.000Z,https://universalis.app/market/3182
3098,Moth-eaten Seneschal Coatee,Shasha Rosie,100064,1,2023-09-08T07:11:10.000Z,https://universalis.app/market/3098
3183,Tortoiseshell Scale Mail,Warrior Of'pink,15000,1,2023-09-01T02:08:25.000Z,https://universalis.app/market/3183
3185,Felt Robe,Wolfgang Speedwagon,23000,1,2023-08-21T03:18:31.000Z,https://universalis.app/market/3185
3187,Woolen Smock,Potato Plato,39999,1,2023-09-11T01:40:10.000Z,https://universalis.app/market/3187
3188,Woolen Doublet,Akuma Mir,35000,1,2023-08-23T01:33:26.000Z,https://universalis.app/market/3188
3191,Raptorskin Harness,Celaena Golmarr,35000,1,2023-09-10T20:37:58.000Z,https://universalis.app/market/3191
3193,Woolen Cowl,Luckie Puppy,8900,1,2023-09-16T02:05:27.000Z,https://universalis.app/market/3193
3203,Cobalt Haubergeon,Asmodious Soudiomsa,123000,1,2023-09-09T18:34:59.000Z,https://universalis.app/market/3203
3205,Felt Gown,Lisa Faye,67999,1,2023-09-03T21:23:50.000Z,https://universalis.app/market/3205
3206,Raptorskin Jerkin,Lax Tax,20000000,1,2023-08-21T08:18:48.000Z,https://universalis.app/market/3206
3208,Vintage Robe,Elsen Garvey,44999,1,2023-09-05T07:43:25.000Z,https://universalis.app/market/3208
3209,Cobalt Cuirass,Nimue Umiko,19998,1,2023-08-31T16:39:56.000Z,https://universalis.app/market/3209
3211,Felt Bliaud,Kirby Kir,48995,1,2023-08-29T23:02:16.000Z,https://universalis.app/market/3211
3213,Raptorskin Jacket,Mirabella Mercer,20000,1,2023-08-28T22:48:18.000Z,https://universalis.app/market/3213
3215,Patrician's Coatee,Kael Morhen,47975,1,2023-08-25T05:18:15.000Z,https://universalis.app/market/3215
3218,Vintage Haubergeon,Shion Fleur,19999,1,2023-09-02T23:26:47.000Z,https://universalis.app/market/3218
3229,Carpenter's Gown,Anastasias Derevo,49999,1,2023-09-07T22:37:59.000Z,https://universalis.app/market/3229
3230,Blacksmith's Apron,Supplier Dingle,84983,1,2023-09-04T05:58:09.000Z,https://universalis.app/market/3230
3231,Armorer's Gown,Binabik Swarhimalsyn,18550,1,2023-09-09T04:36:35.000Z,https://universalis.app/market/3231
3232,Goldsmith's Doublet,Kyocho Nasugo,24995,1,2023-08-26T20:28:03.000Z,https://universalis.app/market/3232
3234,Weaver's Swallowtail,Binabik Swarhimalsyn,19998,1,2023-09-09T04:36:43.000Z,https://universalis.app/market/3234
3235,Alchemist's Coat,Iwo Tea,30000,1,2023-09-01T10:01:21.000Z,https://universalis.app/market/3235
3236,Culinarian's Apron,Petra Sagolaris,71000,1,2023-09-13T02:35:17.000Z,https://universalis.app/market/3236
3237,Miner's Shirt,Seechelle Noramber,50000,1,2023-08-23T19:19:25.000Z,https://universalis.app/market/3237
3239,Fisher's Shirt,Surreal M'ocean,69900,1,2023-08-25T14:52:36.000Z,https://universalis.app/market/3239
3240,Militia Robe,Aklara Minuet,108,1,2023-09-02T03:56:51.000Z,https://universalis.app/market/3240
3241,Militia Cuirass,Anri Apricot,11043,1,2023-08-21T22:50:41.000Z,https://universalis.app/market/3241
3242,Militia Harness,Valentina Bishop,30119,1,2023-09-03T19:15:54.000Z,https://universalis.app/market/3242
3243,Mosshorn Scale Mail,Sumi Jizutsu,14999,1,2023-08-31T02:00:41.000Z,https://universalis.app/market/3243
5437,Mossy Horn,Dingle Nugget,250,2,2023-09-03T20:12:20.000Z,https://universalis.app/market/5437
3244,Dodore Doublet,Arthrilhed Langdale,51000,1,2023-09-15T01:04:13.000Z,https://universalis.app/market/3244
5286,Dodore Leather,Angel Kauma,5888,4,2023-09-07T01:29:14.000Z,https://universalis.app/market/5286
3249,Imperial Operative Dalmatica,Mika Moonlight,2000,1,2023-09-12T03:30:33.000Z,https://universalis.app/market/3249
3256,Heavy Darksteel Armor,Aklara Minuet,5218,1,2023-09-02T03:51:41.000Z,https://universalis.app/market/3256
5585,Darksteel Breastplate,Didrianna Winterset,2200,2,2023-08-26T02:09:13.000Z,https://universalis.app/market/5585
3257,Darksteel Haubergeon,Advent Strife,5998,1,2023-09-02T07:46:34.000Z,https://universalis.app/market/3257
5105,Garlean Steel Plate,Vivian Vacuus,859,5,2023-08-26T07:01:46.000Z,https://universalis.app/market/5105
3258,Gryphonskin Jerkin,Mika Moonlight,7997,1,2023-09-13T23:31:09.000Z,https://universalis.app/market/3258
5290,Coeurl Fur,Tria Antara,300,4,2023-08-24T15:12:02.000Z,https://universalis.app/market/5290
5581,Gryphonskin Shoulder Guards,Didri Winterset,2300,2,2023-09-05T02:12:05.000Z,https://universalis.app/market/5581
3259,Gryphonskin Tunic,Lekaka Leka,1981,1,2023-08-27T23:21:51.000Z,https://universalis.app/market/3259
5104,Garlean Steel Joint,Vivian Vacuus,1000,1,2023-08-26T07:01:54.000Z,https://universalis.app/market/5104
3260,Vanya Robe of Casting,Mika Moonlight,6000,1,2023-09-13T23:53:13.000Z,https://universalis.app/market/3260
5578,Vanya Silk Robe Lining,Didrianna Winterset,2400,2,2023-08-26T02:07:52.000Z,https://universalis.app/market/5578
3274,Hempen Breeches,Mamichula Southwest,90000,1,2023-08-28T13:16:54.000Z,https://universalis.app/market/3274
3275,Hempen Breeches of Crafting,Fane Feiticeira,500,1,2023-08-23T20:07:25.000Z,https://universalis.app/market/3275
3276,Hempen Shepherd's Slops,Kaien Tanshi,50000,1,2023-09-11T03:56:19.000Z,https://universalis.app/market/3276
3307,Hempen Underpants,Crimson Alpha,39999,1,2023-08-23T15:30:46.000Z,https://universalis.app/market/3307
3308,Hempen Pantalettes,Vylette Valentine,135000000,1,2023-09-02T08:16:46.000Z,https://universalis.app/market/3308
3309,Hempen Chausses,Tyetus Rygar,4999,1,2023-09-10T14:10:06.000Z,https://universalis.app/market/3309
3310,Leather Culottes,Silas Othemaas,5000,1,2023-09-15T19:27:32.000Z,https://universalis.app/market/3310
3311,Hempen Sarouel,Rosa Lina,1500,1,2023-09-04T18:12:18.000Z,https://universalis.app/market/3311
3312,Hempen Tights,Maestro Suave,125000,1,2023-09-09T23:53:07.000Z,https://universalis.app/market/3312
3313,Hempen Kecks,Gelther Ashdale,9899,1,2023-09-03T19:27:48.000Z,https://universalis.app/market/3313
