id,name,buyerName,pricePerUnit,quantity,timestamp,universalisUrl
1602,Bronze Bastard Sword,Sorren Leveion,20000000,1,2023-12-29T20:07:27.000Z,https://universalis.app/market/1602
2,Fire Shard,Dreamdog Chihuahua,175,55,2023-12-31T11:21:44.000Z,https://universalis.app/market/2
5,Earth Shard,Alosin Clarygin,175,55,2024-01-04T23:22:47.000Z,https://universalis.app/market/5
5056,Bronze Ingot,Merinda Sunrider,600,56,2024-01-07T05:44:12.000Z,https://universalis.app/market/5056
5361,Maple Lumber,Finwick Shorttail,300,1,2023-12-31T08:50:57.000Z,https://universalis.app/market/5361
5432,Bone Chip,Orion Wil'o,201,4,2024-01-10T20:42:58.000Z,https://universalis.app/market/5432
1603,Viking Sword,Tabius Korinthos,19999,1,2024-01-07T19:14:08.000Z,https://universalis.app/market/1603
5275,Leather,Blenine Eryut,790,94,2024-01-20T15:44:17.000Z,https://universalis.app/market/5275
1604,Ash Macuahuitl,Jcnegi Lrxefr,500000000,1,2024-01-14T20:59:13.000Z,https://universalis.app/market/1604
3,Ice Shard,Aric Leifur,94,2000,2024-01-11T02:08:41.000Z,https://universalis.app/market/3
4,Wind Shard,Illidas Avalee,101,1,2024-01-14T23:35:42.000Z,https://universalis.app/market/4
5124,Obsidian,Yuki Fuyuno,250,2,2024-01-13T09:37:47.000Z,https://universalis.app/market/5124
5364,Ash Lumber,Naruto Vowels,15001,3,2024-01-07T02:33:07.000Z,https://universalis.app/market/5364
1605,Bronze Spatha,Gammma Inkk,4000,1,2024-01-12T07:49:42.000Z,https://universalis.app/market/1605
5276,Hard Leather,Sett Tayuun,1000,1,2024-01-23T05:11:05.000Z,https://universalis.app/market/5276
5434,Ram Horn,Chianne Hyacinth,140,2,2023-12-29T01:14:06.000Z,https://universalis.app/market/5434
1607,Brass Bastard Sword,Septa Lustramina,2999,1,2023-12-29T20:20:25.000Z,https://universalis.app/market/1607
5063,Brass Ingot,Alosin Clarygin,2000,5,2024-01-08T15:06:42.000Z,https://universalis.app/market/5063
1609,Brass Viking Sword,Sirrom Dareth,2900,1,2024-01-02T14:06:00.000Z,https://universalis.app/market/1609
5277,Aldgoat Leather,Yuber Zamza,20000,2,2024-01-12T22:26:32.000Z,https://universalis.app/market/5277
1611,Carnage Sword,Rias Agnarsdottir,300,1,2024-01-21T05:26:46.000Z,https://universalis.app/market/1611
1614,Iron Shortsword,Laqima Azzy,1016,1,2024-01-05T21:31:19.000Z,https://universalis.app/market/1614
5057,Iron Ingot,Alka Zelka,1500,11,2024-01-21T21:05:02.000Z,https://universalis.app/market/5057
5367,Elm Lumber,Roku Jenzaisch,1499,1,2024-01-19T06:00:02.000Z,https://universalis.app/market/5367
1622,Iron Spatha,Laqima Azzy,1000,1,2024-01-08T02:13:51.000Z,https://universalis.app/market/1622
5435,Antelope Horn,Ninako Yasu,2000,10,2024-01-05T23:34:53.000Z,https://universalis.app/market/5435
1625,Steel Broadsword,Inquisitor Incairne,14499,1,2024-01-14T12:42:07.000Z,https://universalis.app/market/1625
5058,Steel Ingot,Maria Noob,9999,5,2024-01-08T18:22:17.000Z,https://universalis.app/market/5058
5371,Walnut Lumber,Baiken Mito,10000,1,2024-01-16T20:55:48.000Z,https://universalis.app/market/5371
5444,Wolf Fang,Arwynn Ty'vesta,3001,4,2024-01-17T21:56:30.000Z,https://universalis.app/market/5444
1627,Elm Macuahuitl,Laqima Azzy,2500,1,2024-01-14T20:11:02.000Z,https://universalis.app/market/1627
1633,Steel Falchion,Laqima Azzy,16250,1,2024-01-10T22:44:38.000Z,https://universalis.app/market/1633
5260,Siltstone Whetstone,Ninako Yasu,9999,20,2024-01-06T00:09:40.000Z,https://universalis.app/market/5260
1635,Vintage Bastard Sword,Elena Leffel,19999,1,2024-01-19T16:03:10.000Z,https://universalis.app/market/1635
8,Fire Crystal,Feanor Ilumire,100,2400,2024-01-07T19:28:26.000Z,https://universalis.app/market/8
1606,Blunt Bastard Sword,Tiandris Silverblade,9999,1,2024-01-07T04:17:18.000Z,https://universalis.app/market/1606
5259,Mudstone Whetstone,Kayuza Yayreza,2500,1,2024-01-02T07:58:01.000Z,https://universalis.app/market/5259
1637,Walnut Macuahuitl,Halala Masala,20000,1,2024-01-09T23:56:15.000Z,https://universalis.app/market/1637
5125,Wyvern Obsidian,Petrichor Tia,5000,1,2024-01-01T02:37:59.000Z,https://universalis.app/market/5125
1639,Steel Longsword,Laqima Azzy,10000,1,2024-01-13T22:46:18.000Z,https://universalis.app/market/1639
5504,Fish Glue,Haku Momochi,4000,10,2024-01-13T08:01:08.000Z,https://universalis.app/market/5504
1642,Goblin Scimitar,Altenorin Sophonis,7491,1,2024-01-12T23:56:22.000Z,https://universalis.app/market/1642
1613,Blunt Goblin Scimitar,Finwick Shorttail,1000,1,2024-01-06T12:21:23.000Z,https://universalis.app/market/1613
1643,Mythril Broadsword,Stalwart Soul,26000,1,2024-01-01T23:24:12.000Z,https://universalis.app/market/1643
5065,Mythril Ingot,Setsuna Nara,3311,4,2024-01-20T22:20:38.000Z,https://universalis.app/market/5065
5373,Oak Lumber,Luca Gambit,2400,2,2024-01-22T09:23:14.000Z,https://universalis.app/market/5373
1648,Vintage Viking Sword,Lycoris Dragonfly,34250,1,2024-01-15T05:06:55.000Z,https://universalis.app/market/1648
11,Earth Crystal,Azreal Vren,200,100,2024-01-03T00:37:23.000Z,https://universalis.app/market/11
1616,Nicked Viking Sword,Koznhevikova Rhiikoro,14900,1,2023-12-29T07:51:37.000Z,https://universalis.app/market/1616
1649,Goblin Longsword,Tayto Potato,19000,1,2024-01-08T05:06:27.000Z,https://universalis.app/market/1649
1621,Blunt Goblin Longsword,Alex Falkner,49,1,2024-01-06T01:06:56.000Z,https://universalis.app/market/1621
5262,Basilisk Whetstone,Valadrian Xithos,1000,1,2024-01-24T12:17:19.000Z,https://universalis.app/market/5262
1650,Plumed Oak Macuahuitl,Yugi Sama,800235000,1,2024-01-19T04:34:34.000Z,https://universalis.app/market/1650
5360,Wildfowl Feather,Stevie Thomas,10000,4,2024-01-22T20:18:14.000Z,https://universalis.app/market/5360
1657,Cobalt Katzbalger,Alt One,19000,1,2023-12-29T19:35:59.000Z,https://universalis.app/market/1657
5059,Cobalt Ingot,Faith Solaris,3000,1,2024-01-06T23:44:44.000Z,https://universalis.app/market/5059
5066,Electrum Ingot,Maria Noob,15000,5,2024-01-19T21:15:39.000Z,https://universalis.app/market/5066
5282,Boar Leather,Hirofusa Kurogane,10999,11,2024-01-01T06:16:14.000Z,https://universalis.app/market/5282
1659,Cobalt Shamshir,Zelda Uesugi,49999,1,2024-01-09T01:11:35.000Z,https://universalis.app/market/1659
5436,Aldgoat Horn,Kayuza Yayreza,5000,2,2024-01-03T11:36:28.000Z,https://universalis.app/market/5436
1663,Cobalt Winglet,Faris Shima,34000,1,2023-12-29T17:39:18.000Z,https://universalis.app/market/1663
5374,Mahogany Lumber,Ienzo Gunji,500000,1,2024-01-14T10:47:10.000Z,https://universalis.app/market/5374
5465,Sunrise Tellin,Adhika Sinag,888,1,2024-01-10T00:24:37.000Z,https://universalis.app/market/5465
5505,Horn Glue,Kaitlyn Vitellio,9979,5,2024-01-12T22:35:40.000Z,https://universalis.app/market/5505
1666,Giantsgall Longsword,Ebony Aldwyn,4900,1,2024-01-13T05:36:32.000Z,https://universalis.app/market/1666
18,Lightning Cluster,Amber Wood,350,600,2024-01-08T20:10:17.000Z,https://universalis.app/market/18
19,Water Cluster,Leili Kouris,497,200,2023-12-29T02:03:03.000Z,https://universalis.app/market/19
7620,Diluted Vitriol,Mister Wiggles,32,17,2024-01-01T19:29:56.000Z,https://universalis.app/market/7620
1670,Aeolian Scimitar,Jacob Rosfield,59999,1,2024-01-13T18:45:34.000Z,https://universalis.app/market/1670
1636,Blunt Aeolian Scimitar,Ms Eldari,1750,1,2023-12-30T22:20:34.000Z,https://universalis.app/market/1636
5061,Darksteel Nugget,Minute Hour,4975,1,2024-01-22T04:33:12.000Z,https://universalis.app/market/5061
1673,Mailbreaker,Zoran Mithrogar,6999,1,2024-01-08T15:30:22.000Z,https://universalis.app/market/1673
14,Fire Cluster,Seni Lithofn,350,1000,2024-01-08T18:38:07.000Z,https://universalis.app/market/14
17,Earth Cluster,Shin Black,301,126,2024-01-12T00:59:31.000Z,https://universalis.app/market/17
5068,Rose Gold Nugget,Alvendalf Ymir,5001,1,2024-01-20T21:51:50.000Z,https://universalis.app/market/5068
5288,Hippogryph Leather,Asas Quatch,2000,1,2024-01-01T10:46:30.000Z,https://universalis.app/market/5288
5570,Mailbreaker Blade,Bell Pepper,2099,1,2024-01-10T17:17:16.000Z,https://universalis.app/market/5570
1681,Bone Hora,Mizuki Blackheart,25000000,1,2024-01-17T18:08:00.000Z,https://universalis.app/market/1681
5318,Animal Sinew,Krusos Aureus,1499,22,2024-01-25T03:05:23.000Z,https://universalis.app/market/5318
1682,Leather Himantes,Hamburger Help-me,6000,1,2023-12-31T01:27:46.000Z,https://universalis.app/market/1682
5324,Undyed Hempen Cloth,Chad Moon,300,2,2024-01-06T15:21:02.000Z,https://universalis.app/market/5324
1683,Ramhorn Claws,Aella Estrellacantica,99500,1,2024-01-09T13:40:29.000Z,https://universalis.app/market/1683
1684,Bronze Knuckles,Vivian Purfact,400,1,2024-01-04T22:20:49.000Z,https://universalis.app/market/1684
1685,Hard Leather Himantes,Dusk Beauty,400,1,2023-12-29T05:30:19.000Z,https://universalis.app/market/1685
1686,Brass Knuckles,Remy Stark,5000,1,2024-01-10T20:09:37.000Z,https://universalis.app/market/1686
1688,Goatskin Cesti,Ry'neuth Keki,7000,1,2023-12-29T07:49:03.000Z,https://universalis.app/market/1688
5319,Beast Sinew,Remi Sett,800,7,2024-01-15T02:52:17.000Z,https://universalis.app/market/5319
1694,Spiked Knuckles,Amunaptra Atem,2000,1,2023-12-31T06:08:15.000Z,https://universalis.app/market/1694
5072,Iron Plate,Meter Griffin,1500,2,2024-01-04T09:48:37.000Z,https://universalis.app/market/5072
1697,Toadskin Cesti,Sigurd Snow-hair,30000,1,2024-01-21T16:23:04.000Z,https://universalis.app/market/1697
5280,Toad Leather,Faul'st Helio,4999,1,2024-01-10T22:42:29.000Z,https://universalis.app/market/5280
5320,Diremite Sinew,Moose San,620,14,2024-01-15T00:05:31.000Z,https://universalis.app/market/5320
1699,Steel Claws,Astra Mikage,9000,1,2024-01-19T23:55:33.000Z,https://universalis.app/market/1699
5073,Steel Plate,Slarti Bartfast,3300,1,2024-01-07T14:39:39.000Z,https://universalis.app/market/5073
1706,Crabshell Hora,Nakano Akamori,15900,1,2024-01-23T01:17:34.000Z,https://universalis.app/market/1706
5321,Hippogryph Sinew,Harasho Konkoyo,2000,1,2024-01-10T16:42:21.000Z,https://universalis.app/market/5321
5456,Green Megalocrab Shell,Ophianne Rontremont,500,2,2024-01-03T17:49:42.000Z,https://universalis.app/market/5456
1708,Boarskin Himantes,Rose Linnet,55000,1,2024-01-07T05:32:30.000Z,https://universalis.app/market/1708
1711,Mythril Claws,Laqima Azzy,29900,1,2024-01-14T20:10:50.000Z,https://universalis.app/market/1711
5079,Mythril Plate,Shin Black,3000,3,2024-01-03T03:58:57.000Z,https://universalis.app/market/5079
1716,Tortoiseshell Hora,Niaka Hiteki,8000,1,2024-01-09T09:43:51.000Z,https://universalis.app/market/1716
5322,Raptor Sinew,Sa'ab Draken,350000,1,2024-01-17T05:08:26.000Z,https://universalis.app/market/5322
5458,Adamantoise Shell,Patricia Luttrell,101,2,2024-01-01T06:27:06.000Z,https://universalis.app/market/5458
1723,Cobalt Knuckles,Cecilia Dragur,40000,1,2024-01-23T00:06:53.000Z,https://universalis.app/market/1723
1728,Peisteskin Cesti,Cadence Xyran,5000,1,2024-01-09T14:19:19.000Z,https://universalis.app/market/1728
5284,Peiste Leather,Exeo Ryoth,1198,23,2023-12-31T02:20:09.000Z,https://universalis.app/market/5284
1701,Chipped Hora,Kai Narukami,5999,1,2024-01-16T23:31:42.000Z,https://universalis.app/market/1701
5285,Raptor Leather,Celica Everflaire,2000,6,2023-12-29T01:47:59.000Z,https://universalis.app/market/5285
1733,Cobalt Claws,Bunana Bread,25000,1,2024-01-22T04:22:58.000Z,https://universalis.app/market/1733
5074,Cobalt Plate,Celica Everflaire,8000,1,2023-12-29T02:10:55.000Z,https://universalis.app/market/5074
1736,Giantsgall Claws,Reacyn Pogue,1600,1,2024-01-20T22:01:25.000Z,https://universalis.app/market/1736
1740,Wildling's Cesti,Feanor Ilumire,20128,1,2023-12-30T18:34:53.000Z,https://universalis.app/market/1740
10,Wind Crystal,Mysty Eternal,175,55,2024-01-01T10:01:29.000Z,https://universalis.app/market/10
5567,Bloody Cesti Covers,Ms Eldari,2198,1,2024-01-01T11:39:46.000Z,https://universalis.app/market/5567
1743,Avengers,Fulha Mhinfhixa,3991,1,2024-01-22T08:17:41.000Z,https://universalis.app/market/1743
5378,Spruce Lumber,Marza Ming,7000,1,2024-01-10T00:33:49.000Z,https://universalis.app/market/5378
5571,Avenger Grips,Didrianna Winterset,2124,2,2024-01-19T04:26:28.000Z,https://universalis.app/market/5571
1750,Bronze War Axe,Skylar Walker,2975,1,2024-01-08T19:58:28.000Z,https://universalis.app/market/1750
1751,Bronze Labrys,Leonidas Meowmeow,399,1,2024-01-21T01:47:30.000Z,https://universalis.app/market/1751
1752,Cloud Axe,Rusty Cassul,3000,1,2024-01-22T23:54:38.000Z,https://universalis.app/market/1752
1753,Spiked Bronze Labrys,Amiella Alba,15010,1,2024-01-14T13:18:03.000Z,https://universalis.app/market/1753
1754,Iron War Axe,Zarya Avere,2000,1,2024-01-17T02:45:32.000Z,https://universalis.app/market/1754
1756,Iron Labrys,Raiden Mistwalker,7500,1,2024-01-16T23:30:41.000Z,https://universalis.app/market/1756
1758,Inferno Axe,Khorso Greyden,50000,1,2024-01-24T20:28:15.000Z,https://universalis.app/market/1758
1764,Iron Bill,Blava Fael,1026,1,2024-01-07T13:57:45.000Z,https://universalis.app/market/1764
4856,Clove Oil,Joei Norean,1000,41,2024-01-13T02:09:16.000Z,https://universalis.app/market/4856
5368,Yew Lumber,Ashelia Lockheart,900,1,2024-01-09T00:44:32.000Z,https://universalis.app/market/5368
1766,Thunderstorm Axe,Momiji Hikaru,1001,1,2024-01-22T22:46:20.000Z,https://universalis.app/market/1766
5064,Silver Ingot,Rhollen Northwood,4000,1,2023-12-29T03:03:30.000Z,https://universalis.app/market/5064
1769,Spiked Steel Labrys,Cornelius Crown,4000,1,2024-01-19T06:05:04.000Z,https://universalis.app/market/1769
1776,Steel Bardiche,Beastycat Darksider,19995,1,2024-01-01T19:33:43.000Z,https://universalis.app/market/1776
5405,Yew Branch,Septa Lustramina,500,10,2023-12-29T20:21:40.000Z,https://universalis.app/market/5405
1778,Steel Bhuj,Jolt Eons,39999,1,2024-01-05T23:36:13.000Z,https://universalis.app/market/1778
1781,Spiked Mythril Labrys,Noskcer Xer,78000,1,2024-01-13T06:02:33.000Z,https://universalis.app/market/1781
1786,Mythril Bhuj,Bristol'ir Centarus,10000,1,2024-01-14T02:54:33.000Z,https://universalis.app/market/1786
1796,Buccaneer's Bardiche,Koko Destati,32000,1,2024-01-19T21:23:51.000Z,https://universalis.app/market/1796
5414,Rosewood Branch,Aella Estrellacantica,171,10,2024-01-09T11:28:11.000Z,https://universalis.app/market/5414
1801,Demilune Bhuj,Luck Gandor,7000,1,2023-12-31T08:02:19.000Z,https://universalis.app/market/1801
5196,Jadeite,Jenkshi Ura,3998,50,2024-01-03T17:12:17.000Z,https://universalis.app/market/5196
1803,Spiked Cobalt Labrys,Marina Drake,37000,1,2024-01-11T06:06:59.000Z,https://universalis.app/market/1803
5376,Rosewood Lumber,Sylvana Mul'droth,3500,1,2023-12-30T18:13:46.000Z,https://universalis.app/market/5376
1806,Giantsgall War Axe,Jill Rosfield,2500,1,2024-01-02T05:59:45.000Z,https://universalis.app/market/1806
1810,Barbarian's Bardiche,Asmodious Soudiomsa,68307,1,2023-12-30T13:00:45.000Z,https://universalis.app/market/1810
5566,Bloody Bardiche Head,Ms Eldari,4000,1,2024-01-07T06:13:44.000Z,https://universalis.app/market/5566
1813,Rampager,Coffy Bronzfist,3999,1,2024-01-17T08:25:27.000Z,https://universalis.app/market/1813
5075,Darksteel Plate,Ashe Ombra,6000,1,2024-01-07T01:31:04.000Z,https://universalis.app/market/5075
5572,Rampager Head,Ashe Ombra,2499,1,2024-01-07T01:31:21.000Z,https://universalis.app/market/5572
1820,Bone Harpoon,Talicat Ashwood,9005,1,2024-01-16T23:54:24.000Z,https://universalis.app/market/1820
5503,Animal Glue,Naomi Shoji,15,2,2024-01-13T16:57:41.000Z,https://universalis.app/market/5503
1821,Bronze Spear,Eros Philos,5000,1,2024-01-20T08:12:31.000Z,https://universalis.app/market/1821
5482,Fish Oil,Harasho Konkoyo,200,1,2024-01-09T22:13:57.000Z,https://universalis.app/market/5482
1822,Ramhorn Harpoon,Rishu Syer,2000,1,2023-12-30T00:27:34.000Z,https://universalis.app/market/1822
1823,Feathered Harpoon,Erenthil Hyskaris,19999,1,2024-01-11T03:43:36.000Z,https://universalis.app/market/1823
5352,Crow Feather,Mio Ando,3420,2,2024-01-03T01:50:04.000Z,https://universalis.app/market/5352
5433,Soiled Femur,Potato Potter,40,20,2024-01-08T01:02:39.000Z,https://universalis.app/market/5433
1824,Brass Spear,Komachi Onozuka,2000,1,2024-01-18T20:37:22.000Z,https://universalis.app/market/1824
1825,Iron Spear,Hikari Ryu,58000,1,2024-01-20T16:46:22.000Z,https://universalis.app/market/1825
1827,Iron Lance,Unony Ouo,40000,1,2024-01-08T04:55:21.000Z,https://universalis.app/market/1827
1833,Iron Guisarme,Evie Nights,21126,1,2024-01-16T11:30:00.000Z,https://universalis.app/market/1833
1836,Silver Battle Fork,Primal Rage,37500000,1,2024-01-21T05:30:10.000Z,https://universalis.app/market/1836
5484,Crab Oil,Reina Vii,5000,1,2024-01-17T23:56:03.000Z,https://universalis.app/market/5484
1838,Steel Halberd,Catnip Lacroix,6000,1,2023-12-30T04:11:36.000Z,https://universalis.app/market/1838
1845,Steel Spear,Sigurd Snow-hair,40053,1,2024-01-21T16:24:44.000Z,https://universalis.app/market/1845
1847,Heavy Steel Lance,Catnip Lacroix,8000,1,2023-12-30T04:11:48.000Z,https://universalis.app/market/1847
1850,Yarzonshell Harpoon,Bexalia Asteria,40000,1,2024-01-07T19:41:21.000Z,https://universalis.app/market/1850
5454,Yellow Yarzon Leg,Madoka Ferra,90,1,2024-01-09T20:49:54.000Z,https://universalis.app/market/5454
1855,Mythril Lance,Shin Black,15000,1,2024-01-01T22:15:33.000Z,https://universalis.app/market/1855
1862,Cobalt Halberd,Ildstorm Djt-dvre,50000,1,2024-01-17T22:09:19.000Z,https://universalis.app/market/1862
1867,Cobalt Trident,Sadus Tegg,30000,1,2023-12-30T01:45:12.000Z,https://universalis.app/market/1867
5486,Shark Oil,Aitch Bar,3500,1,2023-12-29T03:46:09.000Z,https://universalis.app/market/5486
1871,Vintage Guisarme,Khetti Satha,9000,1,2024-01-05T18:49:56.000Z,https://universalis.app/market/1871
9,Ice Crystal,Roxy Dazes,191,2001,2024-01-24T00:45:39.000Z,https://universalis.app/market/9
1840,Crooked Guisarme,Gwell Moko,2080,1,2024-01-23T22:11:11.000Z,https://universalis.app/market/1840
1872,Hart Guisarme,Alosin Clarygin,32000,1,2024-01-13T09:13:23.000Z,https://universalis.app/market/1872
1875,Giantsgall Trident,Kyros De'ath,2699,1,2024-01-09T22:45:02.000Z,https://universalis.app/market/1875
1879,Champion's Lance,Evancz Buduga,99900,1,2024-01-11T21:47:43.000Z,https://universalis.app/market/1879
5565,Bloody Lance Head,Aryenna Milane,12000,1,2024-01-07T04:42:25.000Z,https://universalis.app/market/5565
1882,Obelisk,Reacyn Pogue,1400,1,2024-01-20T21:58:51.000Z,https://universalis.app/market/1882
5573,Obelisk Head,Bell Pepper,2000,2,2024-01-10T17:17:37.000Z,https://universalis.app/market/5573
1891,Maple Shortbow,Rick Qt,10000,1,2023-12-30T02:42:23.000Z,https://universalis.app/market/1891
5333,Hempen Yarn,Jezza Belle,421,2,2023-12-29T06:27:19.000Z,https://universalis.app/market/5333
1892,Maple Longbow,Night- Runner,9006,1,2024-01-21T16:11:34.000Z,https://universalis.app/market/1892
5396,Maple Branch,Solaara Windynn,500,30,2023-12-30T01:59:12.000Z,https://universalis.app/market/5396
1893,Plumed Maple Shortbow,Eradin Dorne,398,1,2024-01-01T22:06:22.000Z,https://universalis.app/market/1893
5351,Cock Feather,Jinsei Kagon,90,11,2024-01-18T15:55:33.000Z,https://universalis.app/market/5351
1894,Wrapped Maple Longbow,Anne Oak,9000,1,2024-01-07T13:34:59.000Z,https://universalis.app/market/1894
5402,Ash Branch,Finn Valentius,901,1,2024-01-24T03:51:11.000Z,https://universalis.app/market/5402
1895,Ash Shortbow,Kadent Dai'avi,11000,1,2024-01-23T09:45:57.000Z,https://universalis.app/market/1895
1897,Elm Longbow,Sumi Venphe,15000,1,2024-01-15T02:06:52.000Z,https://universalis.app/market/1897
5334,Cotton Yarn,Luca Gambit,600,1,2024-01-20T04:30:19.000Z,https://universalis.app/market/5334
1899,Elm Velocity Bow,Anghara Indigo,20000,1,2024-01-13T00:43:02.000Z,https://universalis.app/market/1899
1905,Wrapped Elm Longbow,Sigurd Snow-hair,20000,1,2024-01-08T02:23:46.000Z,https://universalis.app/market/1905
1908,Ash Composite Bow,Vivian Purfact,35000,1,2024-01-06T17:19:26.000Z,https://universalis.app/market/1908
1915,Ash Cavalry Bow,Sir Pancake,9069,1,2024-01-14T04:16:02.000Z,https://universalis.app/market/1915
5409,Oak Branch,Kaiden Khan,1800,2,2024-01-02T09:23:00.000Z,https://universalis.app/market/5409
1917,Oak Longbow,Mide Mizuki,39500,1,2024-01-21T02:27:54.000Z,https://universalis.app/market/1917
5336,Linen Yarn,Viola Pizza,899,59,2024-01-01T22:45:51.000Z,https://universalis.app/market/5336
1920,Mythril Cavalry Bow,Ila Eraswen,48000,1,2024-01-08T00:53:12.000Z,https://universalis.app/market/1920
1925,Oak Composite Bow,Rydin Reach,49999,1,2024-01-12T00:27:53.000Z,https://universalis.app/market/1925
1932,Cobalt Cavalry Bow,Dude Rock,28000,1,2024-01-17T21:53:06.000Z,https://universalis.app/market/1932
1937,Yew Longbow,Cinis Tormentium,50103,1,2024-01-11T07:39:43.000Z,https://universalis.app/market/1937
1941,Vintage Bow,Cream Bun,12750,1,2023-12-29T05:53:25.000Z,https://universalis.app/market/1941
1942,Crab Bow,Verro Sync,80000,1,2024-01-21T21:23:33.000Z,https://universalis.app/market/1942
5462,Red Coral,Bocchizilla Kadar,5000,1,2024-01-01T05:58:13.000Z,https://universalis.app/market/5462
1945,Giantsgall Longbow,Jill Rosfield,4963,1,2024-01-02T06:00:40.000Z,https://universalis.app/market/1945
1949,Longarm's Composite Bow,Feanor Ilumire,61969,1,2023-12-30T18:34:02.000Z,https://universalis.app/market/1949
5568,Bloody Bow Rim,M'nihqo Tia,6999,1,2024-01-03T00:45:04.000Z,https://universalis.app/market/5568
1953,Sarnga,Dava Shinesar,1999,1,2024-01-09T00:33:31.000Z,https://universalis.app/market/1953
15,Ice Cluster,Alice Vibing,70,500,2024-01-17T21:45:19.000Z,https://universalis.app/market/15
16,Wind Cluster,Ortem Kozuno,290,600,2024-01-08T19:01:45.000Z,https://universalis.app/market/16
5574,Sarnga Limb,Didrianna Winterset,2200,1,2024-01-19T04:26:53.000Z,https://universalis.app/market/5574
1958,Maple Wand,Raikyo Deus,55000,1,2024-01-06T23:25:14.000Z,https://universalis.app/market/1958
6,Lightning Shard,Alka Zelka,1000,1000,2024-01-21T21:57:35.000Z,https://universalis.app/market/6
7,Water Shard,Fufoo Tym,175,55,2024-01-24T01:05:58.000Z,https://universalis.app/market/7
5470,Growth Formula Alpha,Invoker Jack,2999,3,2024-01-13T18:43:54.000Z,https://universalis.app/market/5470
1959,Whispering Maple Wand,Eric Tam,51700,1,2024-01-11T20:46:41.000Z,https://universalis.app/market/1959
1960,Budding Maple Wand,Sorceress's Shadow,19500,1,2024-01-09T02:45:21.000Z,https://universalis.app/market/1960
5492,Beastkin Blood,Alchemus Maximus,99,99,2024-01-06T20:03:13.000Z,https://universalis.app/market/5492
1961,Ash Wand,Yunga Shannara,4008,1,2024-01-21T07:24:35.000Z,https://universalis.app/market/1961
5471,Growth Formula Beta,Sett Tayuun,3000,2,2024-01-24T21:13:48.000Z,https://universalis.app/market/5471
1963,Budding Ash Wand,Laqima Azzy,15000,1,2024-01-12T23:38:34.000Z,https://universalis.app/market/1963
1965,Whispering Ash Wand,Athena Darkpromise,3500,1,2024-01-02T20:04:38.000Z,https://universalis.app/market/1965
5493,Scalekin Blood,Gelid Saki,1650,5,2024-01-06T07:20:15.000Z,https://universalis.app/market/5493
1967,Yew Wand,Soft Paws,58000,1,2024-01-06T21:45:50.000Z,https://universalis.app/market/1967
1969,Budding Yew Wand,Athena Darkpromise,15000,1,2024-01-07T02:09:25.000Z,https://universalis.app/market/1969
1971,Budding Oak Wand,Guy Gregor,48000,1,2023-12-29T01:44:52.000Z,https://universalis.app/market/1971
4603,Hi-Potion of Mind,Risa Cooper,3009,3,2024-01-10T12:41:36.000Z,https://universalis.app/market/4603
1974,Wand of Frost,Saeda Nifiri,11100,1,2024-01-06T03:52:59.000Z,https://universalis.app/market/1974
5199,Eye of Ice,Ginneagan M'rka,34,1,2024-01-04T15:10:41.000Z,https://universalis.app/market/5199
5472,Growth Formula Gamma,Khaja Mol,3800,1,2024-01-24T22:38:29.000Z,https://universalis.app/market/5472
1976,Wand of Tremors,Karyn Ava,25000,1,2024-01-06T14:41:13.000Z,https://universalis.app/market/1976
5201,Eye of Earth,Onyx Nightwalker,275,5,2024-01-08T16:25:14.000Z,https://universalis.app/market/5201
1978,Wand of Tides,Kuraduo Sutoraifu,25000,1,2024-01-06T06:42:51.000Z,https://universalis.app/market/1978
5203,Eye of Water,Jacob Storm,34,2,2024-01-24T02:11:25.000Z,https://universalis.app/market/5203
1981,Wand of Flames,Surreal M'ocean,5000,1,2024-01-07T16:00:54.000Z,https://universalis.app/market/1981
5198,Eye of Fire,Terrah Nisi'amor,25000,1,2024-01-15T05:02:22.000Z,https://universalis.app/market/5198
1983,Wand of Gales,Kassandra Kobayashi,10000,1,2024-01-07T18:22:55.000Z,https://universalis.app/market/1983
5200,Eye of Wind,Myi' Ke,125,6,2024-01-18T21:11:43.000Z,https://universalis.app/market/5200
5202,Eye of Lightning,Reika Baines,99,1,2024-01-01T02:54:54.000Z,https://universalis.app/market/5202
1987,Budding Rosewood Wand,Ryuk Ryuzaki,60000,1,2024-01-13T06:32:12.000Z,https://universalis.app/market/1987
4608,Mega-Potion of Mind,Ienzo Gunji,7000,5,2024-01-11T00:27:25.000Z,https://universalis.app/market/4608
5494,Spoken Blood,Marxi Valentine,2000,7,2024-01-18T11:10:50.000Z,https://universalis.app/market/5494
1996,Maple Cane,Kana Xiao,30000000,1,2024-01-01T20:56:39.000Z,https://universalis.app/market/1996
1997,Maple Crook,Cooppo Young,21107,1,2024-01-18T12:17:30.000Z,https://universalis.app/market/1997
1998,Ash Radical,Asmodeus Malphas,21011,1,2024-01-17T00:40:19.000Z,https://universalis.app/market/1998
2000,Elm Cane,Living Sky,4000,1,2023-12-30T11:09:10.000Z,https://universalis.app/market/2000
2002,Elm Crook,Shadow Kuro,100,1,2024-01-13T19:32:20.000Z,https://universalis.app/market/2002
2004,Yew Radical,Lady Satarel,10021,1,2024-01-20T03:45:55.000Z,https://universalis.app/market/2004
2010,Pastoral Yew Cane,Otoha Kannagi,3500,1,2024-01-21T09:09:41.000Z,https://universalis.app/market/2010
2011,Yew Crook,Evean Lannis,9031,1,2024-01-14T12:59:44.000Z,https://universalis.app/market/2011
2015,Walnut Cane,Aeri Beri,29999,1,2024-01-01T18:08:32.000Z,https://universalis.app/market/2015
2021,Plumed Yew Crook,Queen Tasha,8000,1,2024-01-15T01:14:07.000Z,https://universalis.app/market/2021
2023,Oak Radical,Rishu Syer,7000,1,2024-01-14T22:30:41.000Z,https://universalis.app/market/2023
2026,Pastoral Oak Cane,Choco Chip,10000,1,2024-01-17T07:45:23.000Z,https://universalis.app/market/2026
2030,Sprouting Rosewood Radical,Remina Kawakami,7000,1,2024-01-03T10:07:35.000Z,https://universalis.app/market/2030
2039,Jade Crook,Anima Shu,48000,1,2024-01-20T10:30:26.000Z,https://universalis.app/market/2039
2041,Vintage Cane,Flyp Adol,250,1,2024-01-17T02:24:54.000Z,https://universalis.app/market/2041
2014,Splintered Cane,Aki Musa,4000,1,2024-01-17T19:22:20.000Z,https://universalis.app/market/2014
2044,Pastoral Mahogany Cane,Else Waylon,33999,1,2024-01-14T17:06:25.000Z,https://universalis.app/market/2044
5335,Dew Thread,Tsubame Yatsurugi,2000,1,2023-12-30T23:44:16.000Z,https://universalis.app/market/5335
2047,Tane Mahuta,Rasandria Heavensfall,25000,1,2024-01-22T15:34:15.000Z,https://universalis.app/market/2047
5555,Ochu Vine,Avi Malqir,1000,2,2024-01-06T08:45:10.000Z,https://universalis.app/market/5555
2048,Giantsgall Cane,Aurora Verseere,2165,1,2024-01-11T03:57:28.000Z,https://universalis.app/market/2048
2049,Madman's Whispering Rod,Sayuri Hiqoh,40000,1,2024-01-04T03:16:22.000Z,https://universalis.app/market/2049
12,Lightning Crystal,Nemefaro Samazo,999,200,2024-01-11T13:33:16.000Z,https://universalis.app/market/12
13,Water Crystal,Solaara Windynn,200,100,2023-12-30T01:21:43.000Z,https://universalis.app/market/13
5473,Growth Formula Delta,Aubrey Calpurnia,8800,2,2024-01-11T02:55:09.000Z,https://universalis.app/market/5473
5537,Thavnairian Mistletoe,Cedryn Polymetis,600,2,2024-01-02T06:57:00.000Z,https://universalis.app/market/5537
5547,Vampire Plant,Inana Tumet,219,2,2024-01-05T06:14:00.000Z,https://universalis.app/market/5547
2051,Alkalurops,Andrew Weller,2440,1,2024-01-13T15:56:30.000Z,https://universalis.app/market/2051
5575,Suspended Trillium Flower,Celia Stormborn,2300,1,2023-12-30T07:58:15.000Z,https://universalis.app/market/5575
2056,Bone Brand,Aella Estrellacantica,7000,1,2024-01-09T13:41:07.000Z,https://universalis.app/market/2056
5197,Marbled Eye,Exeo Ryoth,300,15,2023-12-31T23:16:38.000Z,https://universalis.app/market/5197
2057,Copper Scepter,Komachi Onozuka,1111,1,2024-01-20T21:22:56.000Z,https://universalis.app/market/2057
5062,Copper Ingot,Phoenix Tomioka,105,2,2024-01-20T02:35:46.000Z,https://universalis.app/market/5062
2058,Bronze Scepter,Alex Era,999,1,2024-01-09T09:49:30.000Z,https://universalis.app/market/2058
2059,Brass Cudgel,Hiora Caligaris,190,1,2024-01-10T20:17:46.000Z,https://universalis.app/market/2059
2061,Decorated Copper Scepter,Jorgo Petra,14500,1,2024-01-14T15:04:46.000Z,https://universalis.app/market/2061
5258,Ragstone Whetstone,Jia Chou,300,1,2023-12-30T00:58:39.000Z,https://universalis.app/market/5258
2066,Ice Brand,Rishu Syer,623,1,2024-01-13T12:16:15.000Z,https://universalis.app/market/2066
2069,Silver Scepter,Feye Zombiis,1388,1,2024-01-04T13:51:32.000Z,https://universalis.app/market/2069
5527,Brimstone,Artemis Gharial,1000,1,2023-12-31T04:19:13.000Z,https://universalis.app/market/5527
2071,Earth Brand,Zanthe Zachar,30000,1,2024-01-10T11:37:26.000Z,https://universalis.app/market/2071
2078,Fire Brand,Naowl Kress,29999,1,2024-01-01T04:43:57.000Z,https://universalis.app/market/2078
2083,Lightning Brand,Sai Hattori,5000,1,2024-01-11T02:20:17.000Z,https://universalis.app/market/2083
2088,Electrum Scepter,Isnerd Errorcode,1600,1,2024-01-02T00:53:26.000Z,https://universalis.app/market/2088
5489,Quicksilver,Avim Hald,790,25,2023-12-30T02:44:31.000Z,https://universalis.app/market/5489
2093,Vintage Cudgel,Bleiwyda Sundwilfwyn,950,1,2024-01-03T06:36:06.000Z,https://universalis.app/market/2093
2068,Damaged Cudgel,Divinix Windstar,4000,1,2023-12-29T06:28:01.000Z,https://universalis.app/market/2068
5092,Iron Rivets,Primo Shibunuri,3000,23,2024-01-21T17:14:41.000Z,https://universalis.app/market/5092
2094,Water Brand,Azami Kousen,62,1,2024-01-07T01:44:06.000Z,https://universalis.app/market/2094
2097,Jade Scepter,Ryn Ryn,3176,1,2024-01-14T19:09:31.000Z,https://universalis.app/market/2097
5168,Jade,Crimson Dragoon,1000,2,2024-01-20T23:18:57.000Z,https://universalis.app/market/5168
5439,Ogre Horn,Magdalena Bay,100,12,2024-01-12T06:50:03.000Z,https://universalis.app/market/5439
2102,Sanguine Scepter,Feanor Ilumire,24998,1,2023-12-30T18:34:18.000Z,https://universalis.app/market/2102
5206,Pinprick Pebble,Ywilqs Veikmo,7000000,1,2024-01-04T00:50:04.000Z,https://universalis.app/market/5206
2106,Bone Staff,Emperor Sage,3999,1,2023-12-31T20:34:57.000Z,https://universalis.app/market/2106
2107,Ramhorn Staff,Gus Aspara,2990,1,2024-01-12T16:16:03.000Z,https://universalis.app/market/2107
2108,Decorated Bone Staff,Rishu Syer,9999,1,2024-01-01T20:43:14.000Z,https://universalis.app/market/2108
5442,Bat Fang,Silas Othemaas,95,9,2023-12-29T14:49:26.000Z,https://universalis.app/market/5442
2109,Toothed Ramhorn Staff,Seren Lucia,2499,1,2024-01-02T02:38:04.000Z,https://universalis.app/market/2109
2111,Staghorn Staff,Sevrozz Regalis,5500,1,2024-01-03T01:37:31.000Z,https://universalis.app/market/2111
2116,Sanguine Horn Staff,Papoutiii Pap,200,1,2023-12-30T23:54:14.000Z,https://universalis.app/market/2116
2118,Toothed Staghorn Staff,Kayla Carmine,3000,1,2024-01-19T19:33:07.000Z,https://universalis.app/market/2118
2121,Goathorn Staff,Relvan Quoth,5000,1,2024-01-07T22:38:29.000Z,https://universalis.app/market/2121
2123,Toothed Goathorn Staff,Lady Skittles,29990,1,2024-01-15T00:15:51.000Z,https://universalis.app/market/2123
2125,Horn Staff,Larielis Elanesse,39999,1,2024-01-02T19:45:42.000Z,https://universalis.app/market/2125
2130,Black Horn Staff,Alosin Clarygin,4895,1,2024-01-13T09:14:20.000Z,https://universalis.app/market/2130
2133,Ivory Staff,Lilian Star,30000,1,2024-01-05T06:05:31.000Z,https://universalis.app/market/2133
2136,Giantsgall Longstaff,Rhino Dog,5900,1,2024-01-02T02:19:44.000Z,https://universalis.app/market/2136
2139,Astrolabe,Malzara Azmar,1449,1,2023-12-29T07:43:12.000Z,https://universalis.app/market/2139
5576,Astrolabe Clinometer,Ashe Ombra,2200,1,2024-01-07T01:05:27.000Z,https://universalis.app/market/5576
2143,Leather Grimoire,Araminta Astraea,500001,1,2024-01-09T11:23:59.000Z,https://universalis.app/market/2143
5380,Maple Log,Sir Gardy,300,10,2023-12-29T23:42:37.000Z,https://universalis.app/market/5380
5475,Enchanted Copper Ink,Gogoke Goke,8,2,2024-01-12T07:16:09.000Z,https://universalis.app/market/5475
2144,Maple Picatrix,Frobel Zontornum,24000,1,2024-01-10T05:49:49.000Z,https://universalis.app/market/2144
2145,Engraved Leather Grimoire,Rishu Syer,25000,1,2024-01-05T22:22:33.000Z,https://universalis.app/market/2145
5383,Ash Log,Aeri Beri,797,99,2023-12-30T00:11:53.000Z,https://universalis.app/market/5383
2146,Ash Picatrix,Sigurd Snow-hair,10000,1,2024-01-08T02:21:38.000Z,https://universalis.app/market/2146
2147,Hard Leather Grimoire,Sigurd Snow-hair,13000,1,2024-01-09T14:38:50.000Z,https://universalis.app/market/2147
5385,Elm Log,Koira Ray'okami,500,2,2024-01-15T07:08:02.000Z,https://universalis.app/market/5385
5476,Enchanted Iron Ink,X'ander Kay,140,1,2023-12-30T08:06:46.000Z,https://universalis.app/market/5476
2149,Engraved Hard Leather Grimoire,Tera Alexandros,20000,1,2024-01-11T12:17:08.000Z,https://universalis.app/market/2149
5386,Yew Log,Ninako Yasu,500,1,2024-01-05T23:28:18.000Z,https://universalis.app/market/5386
2151,Yew Picatrix,Sigurd Snow-hair,30000,1,2024-01-24T14:14:30.000Z,https://universalis.app/market/2151
2156,Goatskin Grimoire,Silver Yue,31000,1,2024-01-20T06:08:45.000Z,https://universalis.app/market/2156
5477,Enchanted Silver Ink,Tiphane Iseterre,2000,2,2024-01-23T01:28:16.000Z,https://universalis.app/market/5477
2160,Engraved Goatskin Grimoire,Coraline Aulin,25000,1,2024-01-10T01:17:17.000Z,https://universalis.app/market/2160
5388,Walnut Log,Kokojinn Zazajinn,1000,13,2024-01-09T02:40:14.000Z,https://universalis.app/market/5388
2166,Book of Silver,Adel Pandora,58000,1,2024-01-13T09:26:12.000Z,https://universalis.app/market/2166
5390,Oak Log,Yennekar Rothstaylor,370,1,2024-01-06T08:40:13.000Z,https://universalis.app/market/5390
2169,Embossed Book of Silver,Beluna Iryut,61000,1,2024-01-12T01:02:27.000Z,https://universalis.app/market/2169
2174,Book of Mythril,Eith Neir,30000,1,2024-01-09T22:49:11.000Z,https://universalis.app/market/2174
5346,Flax,Ryutsuki Ookami,750,50,2024-01-01T18:48:07.000Z,https://universalis.app/market/5346
5478,Enchanted Mythril Ink,Cadence Xyran,2001,1,2024-01-11T17:25:47.000Z,https://universalis.app/market/5478
2184,Vintage Picatrix,Rolala Rola,59600,1,2024-01-01T06:06:21.000Z,https://universalis.app/market/2184
2158,Brittle Picatrix,Pyrrha Tilki,1000,1,2024-01-02T09:02:22.000Z,https://universalis.app/market/2158
2185,Book of Electrum,Miki Chinen,24400,1,2023-12-30T19:43:53.000Z,https://universalis.app/market/2185
5337,Woolen Yarn,Vees Savage,1999,8,2024-01-22T09:00:54.000Z,https://universalis.app/market/5337
5393,Rosewood Log,Trishana O'mogson,409,30,2024-01-23T13:17:23.000Z,https://universalis.app/market/5393
5479,Enchanted Electrum Ink,Kayuza Yayreza,900,1,2024-01-12T02:34:36.000Z,https://universalis.app/market/5479
2189,Embossed Book of Electrum,P- Yuyu,39000,1,2024-01-08T22:15:39.000Z,https://universalis.app/market/2189
2193,Cantamina Thavnaria,Boss Dragneel,4766,1,2024-01-14T20:47:17.000Z,https://universalis.app/market/2193
5481,Enchanted Rose Gold Ink,Atsui Hono,4000,13,2024-01-02T00:38:21.000Z,https://universalis.app/market/5481
2201,Erudite's Picatrix of Healing,V'qeshi Tia,95999,1,2024-01-03T01:53:50.000Z,https://universalis.app/market/2201
5480,Enchanted Gold Ink,Ashelia Lockheart,5000,2,2024-01-08T01:36:44.000Z,https://universalis.app/market/5480
5569,Bloody Grimoire Binding,Ms Eldari,5000,1,2024-01-10T21:13:17.000Z,https://universalis.app/market/5569
2202,Erudite's Picatrix of Casting,Gouga Inspector,86500,1,2024-01-17T06:55:25.000Z,https://universalis.app/market/2202
2211,Deus Ex Verbis,Gwee Amastacia,3333,1,2024-01-06T21:56:13.000Z,https://universalis.app/market/2211
5338,Silk Thread,Leili Kouris,2000,8,2024-01-05T21:40:32.000Z,https://universalis.app/market/5338
2212,Deus Ex Gratia,Sin Corazon,1499,1,2024-01-20T01:40:20.000Z,https://universalis.app/market/2212
2219,Square Maple Shield,Catnip Lacroix,10001,1,2023-12-30T03:16:31.000Z,https://universalis.app/market/2219
5091,Bronze Rivets,Aella Estrellacantica,450,1,2024-01-09T12:23:58.000Z,https://universalis.app/market/5091
12524,Titanium Nugget,Iphiri Mhezzo,450000,36,2024-01-25T20:25:01.000Z,https://universalis.app/market/12524
12529,Titanium Rivets,Alosin Clarygin,15000,3,2024-01-21T02:51:52.000Z,https://universalis.app/market/12529
12658,Dusk Leather,Lovely Pixel,400420,1,2024-01-05T02:46:45.000Z,https://universalis.app/market/12658
2226,Bronze Hoplon,Laqima Azzy,20000,1,2023-12-30T22:38:29.000Z,https://universalis.app/market/2226
5071,Bronze Plate,Aquaphoenix Down,225,9,2024-01-08T16:01:32.000Z,https://universalis.app/market/5071
2228,Round Shield,Miles Vasallo,20000,1,2023-12-29T01:59:32.000Z,https://universalis.app/market/2228
2229,Leather Targe,Alosin Clarygin,5000,1,2024-01-09T04:11:32.000Z,https://universalis.app/market/2229
2230,Bronze Scutum,Ry'neuth Keki,1499,1,2023-12-29T07:48:15.000Z,https://universalis.app/market/2230
2231,Bronze Buckler,Rosaline Hart,15000,1,2024-01-08T06:03:43.000Z,https://universalis.app/market/2231
2233,Square Ash Shield,Rishu Syer,50000,1,2024-01-01T20:45:57.000Z,https://universalis.app/market/2233
2236,Iron Hoplon,Kydo Viridis,50000,1,2024-01-07T06:34:17.000Z,https://universalis.app/market/2236
2238,Vintage Square Shield,Isnerd Errorcode,4000,1,2023-12-31T12:03:20.000Z,https://universalis.app/market/2238
2224,Worm-eaten Square Shield,Aki Musa,9000,1,2024-01-17T19:22:06.000Z,https://universalis.app/market/2224
4859,Cider Vinegar,Jodhi Greywyr,350,2,2023-12-31T01:50:53.000Z,https://universalis.app/market/4859
2239,Ironclad Bronze Buckler,Tabius Korinthos,20000,1,2024-01-15T01:25:24.000Z,https://universalis.app/market/2239
2241,Iron Lantern Shield,Niamh Eiry,2000,1,2024-01-24T23:29:13.000Z,https://universalis.app/market/2241
5998,Tallow Candle,Thieving Magpie,4000,3,2023-12-30T04:16:11.000Z,https://universalis.app/market/5998
2242,Iron Scutum,Sophia Z'ee,9990,1,2024-01-16T17:37:40.000Z,https://universalis.app/market/2242
2244,Vintage Hoplon,Haxo Manarynd,5000,1,2024-01-21T09:49:22.000Z,https://universalis.app/market/2244
2225,Tarnished Hoplon,Gwell Moko,15000,1,2024-01-12T15:07:38.000Z,https://universalis.app/market/2225
2246,Viper-crested Round Shield,Alosin Clarygin,5000,1,2024-01-04T04:48:36.000Z,https://universalis.app/market/2246
2248,Iron Kite Shield,Komachi Onozuka,6000,1,2024-01-18T03:01:27.000Z,https://universalis.app/market/2248
2250,Goatskin Targe,Daskill Isher,5000,1,2024-01-02T18:29:28.000Z,https://universalis.app/market/2250
5093,Steel Rivets,Alosin Clarygin,2998,21,2024-01-06T07:11:54.000Z,https://universalis.app/market/5093
2257,Bull Hoplon,Evie Nights,13016,1,2024-01-16T11:30:22.000Z,https://universalis.app/market/2257
2260,Decorated Buckler,Lune Marpierre,20000,1,2024-01-24T06:57:33.000Z,https://universalis.app/market/2260
2262,Decorated Iron Scutum,Ryoske Takahashi,15000,1,2024-01-11T09:05:07.000Z,https://universalis.app/market/2262
2264,Vintage Buckler,Isnerd Errorcode,9995,1,2024-01-02T00:53:58.000Z,https://universalis.app/market/2264
2227,Notched Buckler,Orochi Tinninson,23000,1,2023-12-30T20:18:14.000Z,https://universalis.app/market/2227
2268,Bladed Lantern Shield,Lup T'aaco,8000,1,2024-01-18T08:28:51.000Z,https://universalis.app/market/2268
2270,Raptorskin Targe,Jerica Fae,39999,1,2024-01-09T03:49:45.000Z,https://universalis.app/market/2270
5099,Mythril Rivets,Kessel Run,9000,1,2024-01-02T15:09:01.000Z,https://universalis.app/market/5099
2278,Vintage Scutum,Alteran Polar,4000,1,2024-01-07T23:15:11.000Z,https://universalis.app/market/2278
2232,Rusting Scutum,Terrah Nisi'amor,1500,1,2024-01-15T06:23:36.000Z,https://universalis.app/market/2232
2279,Cobalt Scutum,Red Bugenhagen,30000,1,2024-01-05T03:15:15.000Z,https://universalis.app/market/2279
5094,Cobalt Rivets,Yuki Tomeru,5000,2,2024-01-08T16:05:06.000Z,https://universalis.app/market/5094
2287,Eagle-crested Round Shield,Miles Vasallo,20000,1,2023-12-29T01:57:04.000Z,https://universalis.app/market/2287
2237,Rotting Round Shield,Corpse Zily,4999,1,2024-01-22T17:21:02.000Z,https://universalis.app/market/2237
5228,Ragstone,Awesome Guy,500,8,2024-01-23T00:44:34.000Z,https://universalis.app/market/5228
5517,Lanolin,Haru Takayama,735,1,2024-01-07T21:46:42.000Z,https://universalis.app/market/5517
2294,Kite Shield,Gabriel D'dragon,20038,1,2024-01-03T02:41:01.000Z,https://universalis.app/market/2294
2296,Cobalt Bladed Lantern Shield,Red Bugenhagen,22035,1,2024-01-14T20:06:52.000Z,https://universalis.app/market/2296
2298,Oxblood Targe,Kazpar Yurei,9000,1,2024-01-14T23:29:22.000Z,https://universalis.app/market/2298
2300,Vintage Kite Shield,Elia Nerok,19898,1,2024-01-19T15:24:16.000Z,https://universalis.app/market/2300
2259,Scarred Kite Shield,Merinda Sunrider,40000,1,2024-01-08T04:39:06.000Z,https://universalis.app/market/2259
2302,Darksteel Scutum,Ebony Aldwyn,4999,1,2024-01-13T05:28:22.000Z,https://universalis.app/market/2302
5060,Darksteel Ingot,Ienzo Gunji,11979,10,2024-01-09T07:37:05.000Z,https://universalis.app/market/5060
5095,Darksteel Rivets,Punished Demon,7500,2,2023-12-29T07:19:02.000Z,https://universalis.app/market/5095
2303,Darksteel Buckler,Maester Guado,1955,1,2024-01-17T03:55:12.000Z,https://universalis.app/market/2303
2304,Spruce Round Shield,Megumin Crimsonn,1555,1,2023-12-29T04:04:17.000Z,https://universalis.app/market/2304
5379,Treated Spruce Lumber,Umari Kisne,25888,5,2024-01-08T03:40:41.000Z,https://universalis.app/market/5379
2315,Bronze Saw,Vivian Purfact,4975,1,2024-01-02T23:39:40.000Z,https://universalis.app/market/2315
2316,Amateur's Saw,George Mhakaracca,2000,1,2024-01-22T18:29:25.000Z,https://universalis.app/market/2316
2318,Initiate's Saw,Arius Galliel,5000,1,2024-01-02T08:34:53.000Z,https://universalis.app/market/2318
2319,Bas-relief Iron Saw,Ylava Toad,9999,1,2023-12-29T05:30:48.000Z,https://universalis.app/market/2319
2320,Iron Chocobotail Saw,Billy Bum,60000,1,2024-01-02T21:48:40.000Z,https://universalis.app/market/2320
2321,Bas-relief Steel Saw,Itsleviosa Notleviosa,400,1,2024-01-14T05:44:08.000Z,https://universalis.app/market/2321
2322,Crosscut Saw,Tesah Sovi,4000,1,2024-01-06T05:26:03.000Z,https://universalis.app/market/2322
2323,Mythril Saw,Baiken Mito,2500,1,2024-01-16T20:53:29.000Z,https://universalis.app/market/2323
2324,Mythril Chocobotail Saw,Amaya Keyes,24999,1,2024-01-02T00:03:42.000Z,https://universalis.app/market/2324
2325,Bas-relief Cobalt Saw,Jayden Vaulkner,30000,1,2024-01-18T02:13:22.000Z,https://universalis.app/market/2325
2328,Amateur's Claw Hammer,Unony Ouo,1199,1,2023-12-30T02:37:28.000Z,https://universalis.app/market/2328
2329,Bronze Claw Hammer,Invoker Jack,1812,1,2024-01-13T18:42:27.000Z,https://universalis.app/market/2329
2331,Iron Claw Hammer,Tataru' Taru,35000,1,2024-01-23T01:06:56.000Z,https://universalis.app/market/2331
5483,Jellyfish Humours,Xyn'phandell Valduir,500,5,2024-01-17T05:48:48.000Z,https://universalis.app/market/5483
2332,Initiate's Claw Hammer,Vickaria Tatsuya,700,1,2024-01-19T04:56:45.000Z,https://universalis.app/market/2332
2334,Steel Claw Hammer,Paddy Black,25000,1,2024-01-08T20:07:44.000Z,https://universalis.app/market/2334
2335,Wrapped Steel Claw Hammer,Lup T'aaco,10000,1,2024-01-15T04:17:13.000Z,https://universalis.app/market/2335
5485,Linseed Oil,Maria Noob,3500,1,2024-01-09T01:57:02.000Z,https://universalis.app/market/5485
2337,Mythril Claw Hammer,Kyo Mibu,5000,1,2023-12-29T18:15:41.000Z,https://universalis.app/market/2337
2338,Cobalt Claw Hammer,Lilly Darc,35000,1,2024-01-21T03:05:11.000Z,https://universalis.app/market/2338
2339,Militia Claw Hammer,Cadence Xyran,29900,1,2024-01-11T21:12:14.000Z,https://universalis.app/market/2339
2341,Bronze Cross-pein Hammer,Aeri Beri,10000,1,2023-12-30T10:09:12.000Z,https://universalis.app/market/2341
2342,Amateur's Cross-pein Hammer,Laqima Azzy,3000,1,2023-12-30T22:38:52.000Z,https://universalis.app/market/2342
2343,Birdsbeak Hammer,Laqima Azzy,15000,1,2024-01-02T02:38:25.000Z,https://universalis.app/market/2343
5325,Undyed Cotton Cloth,Luca Gambit,1500,3,2024-01-20T05:14:53.000Z,https://universalis.app/market/5325
2344,Iron Cross-pein Hammer,Naruto Vowels,40000,1,2024-01-07T01:49:53.000Z,https://universalis.app/market/2344
2345,Initiate's Cross-pein Hammer,Warm Bread,8999,1,2024-01-20T18:28:47.000Z,https://universalis.app/market/2345
2346,Crowsbeak Hammer,Bradan Flyff,4000,1,2024-01-19T05:43:42.000Z,https://universalis.app/market/2346
2347,Heavy Crowsbeak Hammer,Surreal M'ocean,5000,1,2024-01-07T17:19:04.000Z,https://universalis.app/market/2347
2348,Steel Cross-pein Hammer,Yuki Tomeru,3000,1,2024-01-12T08:53:22.000Z,https://universalis.app/market/2348
5326,Undyed Velveteen,Scias Dayflash,2995,2,2024-01-19T16:40:08.000Z,https://universalis.app/market/5326
2349,Steel Crowsbeak Hammer,Lil Jaguar,20000,1,2024-01-18T01:34:31.000Z,https://universalis.app/market/2349
2350,Wrapped Crowsbeak Hammer,Manji Inazuma,39999,1,2023-12-31T02:05:35.000Z,https://universalis.app/market/2350
2351,Cobalt Cross-pein Hammer,Lemur Breaker,10000,1,2024-01-23T08:36:30.000Z,https://universalis.app/market/2351
2352,Wrapped Hawksbeak Hammer,Alosin Clarygin,17999,1,2024-01-21T02:58:48.000Z,https://universalis.app/market/2352
2355,Amateur's File,Kuroii Neko,5985,1,2024-01-18T21:31:46.000Z,https://universalis.app/market/2355
2356,Bronze File,Naruto Vowels,9999,1,2024-01-07T01:14:24.000Z,https://universalis.app/market/2356
2358,Iron File,Sigurd Snow-hair,749,1,2024-01-12T13:44:39.000Z,https://universalis.app/market/2358
2359,Initiate's File,Athena Queen,5000,1,2023-12-31T06:30:02.000Z,https://universalis.app/market/2359
2361,Steel File,Choco Chip,19250,1,2024-01-18T00:56:07.000Z,https://universalis.app/market/2361
2363,Mythril File,Kessel Run,30000,1,2024-01-02T15:07:31.000Z,https://universalis.app/market/2363
2364,Cobalt File,Sunny Milk,25000,1,2024-01-24T06:45:48.000Z,https://universalis.app/market/2364
2365,Militia File,Yui Kurokawa,27500,1,2024-01-01T16:52:43.000Z,https://universalis.app/market/2365
2367,Bronze Doming Hammer,Tactful Cactus,296,1,2024-01-01T01:17:52.000Z,https://universalis.app/market/2367
2368,Amateur's Doming Hammer,Onyx Nightwalker,500,1,2024-01-08T11:53:47.000Z,https://universalis.app/market/2368
2369,Bronze Raising Hammer,Dirge Rapport,4000,1,2023-12-31T06:04:07.000Z,https://universalis.app/market/2369
2370,Iron Doming Hammer,Septa Lustramina,6998,1,2024-01-01T02:02:39.000Z,https://universalis.app/market/2370
2371,Initiate's Doming Hammer,Acacia Darkmoon,527,1,2024-01-14T18:08:23.000Z,https://universalis.app/market/2371
2373,Wrapped Iron Raising Hammer,Rae Estel,500,1,2024-01-15T03:43:01.000Z,https://universalis.app/market/2373
2374,Steel Doming Hammer,Aeri Beri,14000,1,2024-01-01T20:07:27.000Z,https://universalis.app/market/2374
2375,Steel Raising Hammer,Sir Pancake,15000,1,2023-12-31T21:48:06.000Z,https://universalis.app/market/2375
2376,Cobalt Doming Hammer,Shiroyuki Akiyama,30000,1,2024-01-11T21:08:24.000Z,https://universalis.app/market/2376
2377,Cobalt Raising Hammer,Laqima Azzy,30000,1,2024-01-19T20:11:22.000Z,https://universalis.app/market/2377
2380,Amateur's Pliers,Aeri Beri,2400,1,2023-12-30T23:26:24.000Z,https://universalis.app/market/2380
2381,Bronze Pliers,Eley Lalafeley,6009,1,2023-12-30T08:06:45.000Z,https://universalis.app/market/2381
2383,Iron Pliers,Shado Ka,12000,1,2024-01-12T00:58:55.000Z,https://universalis.app/market/2383
2384,Initiate's Pliers,Dirge Rapport,5000,1,2024-01-10T13:57:22.000Z,https://universalis.app/market/2384
2386,Steel Pliers,Amu Silvermoon,20000,1,2024-01-16T22:25:43.000Z,https://universalis.app/market/2386
2388,Mythril Pliers,Hiora Caligaris,10000,1,2024-01-14T20:04:05.000Z,https://universalis.app/market/2388
2389,Cobalt Pliers,Shiroyuki Akiyama,10000,1,2024-01-12T22:33:26.000Z,https://universalis.app/market/2389
2392,Bronze Chaser Hammer,Sol Zx,2106,1,2024-01-13T21:13:28.000Z,https://universalis.app/market/2392
2394,Bronze Ornamental Hammer,Ovan Shimiya,600,1,2023-12-31T20:32:30.000Z,https://universalis.app/market/2394
2395,Iron Chaser Hammer,Sorceress's Shadow,7000,1,2024-01-07T00:51:11.000Z,https://universalis.app/market/2395
2396,Initiate's Chaser Hammer,Kanta Robespierre,5271,1,2024-01-24T06:33:19.000Z,https://universalis.app/market/2396
2397,Iron Ornamental Hammer,Sigurd Snow-hair,5000,1,2024-01-21T16:23:39.000Z,https://universalis.app/market/2397
2398,Steel Chaser Hammer,Stellarvore Thornborn,1000,1,2024-01-18T01:57:22.000Z,https://universalis.app/market/2398
2399,Steel Ornamental Hammer,Penelope Paprikash,6000,1,2023-12-29T17:32:54.000Z,https://universalis.app/market/2399
2400,Mythril Ornamental Hammer,Laqima Azzy,10000,1,2024-01-17T00:51:40.000Z,https://universalis.app/market/2400
2401,Mythril Lapidary Hammer,Bell O'rosa,500,1,2024-01-19T01:40:53.000Z,https://universalis.app/market/2401
2402,Electrum Lapidary Hammer,Camilla Leos,20000,1,2024-01-14T04:22:13.000Z,https://universalis.app/market/2402
5183,Tourmaline,Silas Othemaas,2000,4,2024-01-09T03:51:41.000Z,https://universalis.app/market/5183
2405,Amateur's Grinding Wheel,Komachi Onozuka,50,1,2024-01-22T01:40:08.000Z,https://universalis.app/market/2405
2406,Ragstone Grinding Wheel,Rishu Syer,10000,1,2024-01-01T00:38:43.000Z,https://universalis.app/market/2406
2408,Mudstone Grinding Wheel,Queen Tasha,20000,1,2024-01-01T01:35:28.000Z,https://universalis.app/market/2408
5229,Mudstone,Drax Ma'ter,1000,1,2024-01-20T04:42:22.000Z,https://universalis.app/market/5229
2409,Initiate's Grinding Wheel,Anima Shu,35000,1,2024-01-13T06:56:54.000Z,https://universalis.app/market/2409
2411,Siltstone Grinding Wheel,Ishii Utatsuki,8060,1,2024-01-23T13:31:52.000Z,https://universalis.app/market/2411
5231,Siltstone,Luxie Hart,499,49,2024-01-14T09:03:47.000Z,https://universalis.app/market/5231
2413,Garnet Grinding Wheel,Celeste Morningstar,30000,1,2024-01-11T07:14:39.000Z,https://universalis.app/market/2413
5134,Raw Garnet,Nashu Mujuuk,500,1,2024-01-21T20:42:01.000Z,https://universalis.app/market/5134
2414,Basilisk Grinding Wheel,Caleina Hidashi,6000,1,2024-01-01T00:23:58.000Z,https://universalis.app/market/2414
5263,Basilisk Egg,Elfie Aragon,2000,1,2024-01-17T16:58:15.000Z,https://universalis.app/market/5263
2415,Militia Grinding Wheel,Penelope Paprikash,28900,1,2024-01-14T17:13:14.000Z,https://universalis.app/market/2415
5158,Astral Rock,Ginneagan M'rka,2725,30,2024-01-01T09:42:42.000Z,https://universalis.app/market/5158
2417,Bronze Head Knife,Tabius Korinthos,2000,1,2024-01-07T19:20:22.000Z,https://universalis.app/market/2417
2419,Brass Head Knife,Lilly Redwine,6500,1,2024-01-20T04:42:05.000Z,https://universalis.app/market/2419
2420,Initiate's Head Knife,Amaya Keyes,9700,1,2024-01-05T05:05:41.000Z,https://universalis.app/market/2420
2421,Iron Round Knife,Isnerd Errorcode,10000,1,2024-01-18T22:50:51.000Z,https://universalis.app/market/2421
2422,Iron Head Knife,Camilla Leos,15000,1,2023-12-31T07:48:01.000Z,https://universalis.app/market/2422
2423,Silver Head Knife,Lucoa Aki,5000,1,2024-01-07T02:39:32.000Z,https://universalis.app/market/2423
2424,Steel Round Knife,T'reso Mandragoran,18990,1,2024-01-05T21:28:29.000Z,https://universalis.app/market/2424
2425,Mythril Head Knife,Baiken Mito,6000,1,2024-01-19T00:47:11.000Z,https://universalis.app/market/2425
2426,Mythril Round Knife,Sylvana Mul'droth,5000,1,2024-01-07T21:10:26.000Z,https://universalis.app/market/2426
2427,Electrum Head Knife,Illustrious Clyne,20000,1,2024-01-13T14:19:36.000Z,https://universalis.app/market/2427
2430,Amateur's Awl,Odessa Silverberg,725,1,2024-01-13T05:10:16.000Z,https://universalis.app/market/2430
2431,Bronze Awl,Queen Tasha,5000,1,2024-01-01T01:35:41.000Z,https://universalis.app/market/2431
2433,Iron Awl,Dirge Rapport,15000,1,2024-01-03T10:51:02.000Z,https://universalis.app/market/2433
2434,Initiate's Awl,Septa Lustramina,3700,1,2024-01-04T22:42:52.000Z,https://universalis.app/market/2434
2436,Steel Awl,Alosin Clarygin,25000,1,2024-01-06T07:10:44.000Z,https://universalis.app/market/2436
2437,Wrapped Steel Awl,Vany Emblish,10000,1,2024-01-19T12:34:25.000Z,https://universalis.app/market/2437
2439,Mythril Awl,Vaen Jiin,19000,1,2024-01-10T01:52:44.000Z,https://universalis.app/market/2439
2440,Cobalt Awl,Kyran Delichon,20000,1,2024-01-19T05:02:42.000Z,https://universalis.app/market/2440
2441,Militia Awl,Bell O'rosa,19000,1,2024-01-19T01:46:26.000Z,https://universalis.app/market/2441
2443,Copper Needle,Alosin Clarygin,1000,1,2024-01-04T05:01:43.000Z,https://universalis.app/market/2443
2444,Bat Fang Needle,Bishman Whiteflag,8498,1,2024-01-24T01:05:39.000Z,https://universalis.app/market/2444
2445,Amateur's Needle,Laqima Azzy,5000,1,2023-12-30T22:38:01.000Z,https://universalis.app/market/2445
2446,Brass Needle,Alka Zelka,45000,1,2024-01-21T19:52:31.000Z,https://universalis.app/market/2446
2447,Initiate's Needle,Lucoa Aki,2029,1,2024-01-06T19:53:29.000Z,https://universalis.app/market/2447
2448,Silver Needle,Penelope Paprikash,9999,1,2023-12-29T17:00:26.000Z,https://universalis.app/market/2448
2449,Worm Fang Needle,Blava Fael,1800,1,2024-01-16T16:05:44.000Z,https://universalis.app/market/2449
5447,Sandworm Fang,Kaitlyn Vitellio,500,2,2024-01-04T22:22:03.000Z,https://universalis.app/market/5447
2450,Mythril Needle,C'astor Elpis,4771,1,2024-01-05T05:29:37.000Z,https://universalis.app/market/2450
2451,Wolf Fang Needle,Scrub Doria,32001,1,2023-12-31T18:11:48.000Z,https://universalis.app/market/2451
2452,Thousand Needle,Jos'ir Rogir,9000,1,2024-01-10T01:40:16.000Z,https://universalis.app/market/2452
5468,Cactuar Needle,Aubrey Calpurnia,9999,1,2024-01-12T23:47:51.000Z,https://universalis.app/market/5468
2453,Electrum Needle,Ry'neuth Keki,8100,1,2023-12-30T06:48:40.000Z,https://universalis.app/market/2453
2456,Amateur's Spinning Wheel,Pharos Sigil,220,1,2024-01-18T23:54:57.000Z,https://universalis.app/market/2456
2457,Ash Spinning Wheel,Alosin Clarygin,15500,1,2024-01-04T04:17:38.000Z,https://universalis.app/market/2457
2459,Initiate's Spinning Wheel,Alka Zelka,15001,1,2024-01-21T19:52:40.000Z,https://universalis.app/market/2459
2460,Elm Spinning Wheel,Komachi Onozuka,9026,1,2024-01-23T22:06:13.000Z,https://universalis.app/market/2460
2462,Walnut Spinning Wheel,Naowl Kress,68000,1,2024-01-11T01:04:16.000Z,https://universalis.app/market/2462
2464,Mahogany Spinning Wheel,Caelia Dei-ijla,25000,1,2024-01-23T22:33:11.000Z,https://universalis.app/market/2464
2465,Rosewood Spinning Wheel,Alvendalf Ymir,24444,1,2024-01-02T18:34:20.000Z,https://universalis.app/market/2465
2466,Militia Spinning Wheel,Lelu Blaze,30000,1,2023-12-29T23:48:06.000Z,https://universalis.app/market/2466
2468,Bronze Alembic,Solani Vale,120000,1,2023-12-29T05:02:51.000Z,https://universalis.app/market/2468
2469,Amateur's Alembic,Rishu Syer,8000,1,2023-12-30T23:35:49.000Z,https://universalis.app/market/2469
2470,Brass Alembic,Merinda Sunrider,4000,1,2024-01-07T21:13:27.000Z,https://universalis.app/market/2470
2471,Initiate's Alembic,Huriah Dawnbringer,8000,1,2024-01-14T02:17:39.000Z,https://universalis.app/market/2471
2472,Iron Alembic,Karyn Ava,1200,1,2024-01-06T14:39:08.000Z,https://universalis.app/market/2472
2473,Conical Alembic,Amaya Keyes,10000,1,2024-01-15T04:25:48.000Z,https://universalis.app/market/2473
2474,Steel Alembic,Skinny Extreme,7000,1,2024-01-02T20:44:46.000Z,https://universalis.app/market/2474
2475,Silver Alembic,Valadrian Xithos,4562,1,2024-01-16T11:02:32.000Z,https://universalis.app/market/2475
2476,Mythril Alembic,Cadence Xyran,34000,1,2024-01-06T00:13:56.000Z,https://universalis.app/market/2476
2477,Electrum Alembic,Popowazu Wawawazu,15000,1,2024-01-05T18:46:07.000Z,https://universalis.app/market/2477
2478,Thermal Alembic,Ari Kamikura,30000,1,2024-01-10T08:22:18.000Z,https://universalis.app/market/2478
2481,Amateur's Mortar,Vaen Jiin,805,1,2024-01-10T01:52:59.000Z,https://universalis.app/market/2481
2484,Iron Mortar,Anghara Indigo,19999,1,2024-01-11T17:09:01.000Z,https://universalis.app/market/2484
2485,Initiate's Mortar,Sophie Hyskaris,1000,1,2024-01-21T06:54:57.000Z,https://universalis.app/market/2485
2487,Steel Mortar,Sophia Z'ee,20000,1,2024-01-18T23:23:29.000Z,https://universalis.app/market/2487
2488,Heavy Steel Mortar,Natasha Yaroslav,10000,1,2024-01-11T01:23:57.000Z,https://universalis.app/market/2488
2490,Mythril Mortar,Cadence Xyran,30000,1,2024-01-11T20:16:03.000Z,https://universalis.app/market/2490
2491,Cobalt Mortar,Ophelia Free,29999,1,2023-12-30T14:24:01.000Z,https://universalis.app/market/2491
2492,Militia Mortar,Isnerd Errorcode,19000,1,2024-01-18T21:51:40.000Z,https://universalis.app/market/2492
2494,Bronze Skillet,Aeri Beri,10000,1,2023-12-31T21:51:23.000Z,https://universalis.app/market/2494
2495,Amateur's Skillet,Ice Crystal,598,1,2024-01-09T19:13:56.000Z,https://universalis.app/market/2495
2496,Iron Skillet,Laqima Azzy,5000,1,2024-01-05T02:03:12.000Z,https://universalis.app/market/2496
2497,Initiate's Skillet,Adhika Sinag,10000,1,2024-01-10T01:04:16.000Z,https://universalis.app/market/2497
2498,Iron Frypan,Amaya Keyes,27999,1,2024-01-14T06:42:08.000Z,https://universalis.app/market/2498
2499,Bomb Frypan,Penelope Paprikash,8999,1,2023-12-29T16:55:31.000Z,https://universalis.app/market/2499
5528,Bomb Ash,Warm Milk,700,2,2024-01-04T02:32:42.000Z,https://universalis.app/market/5528
2500,Steel Skillet,Blava Fael,7000,1,2024-01-11T21:49:01.000Z,https://universalis.app/market/2500
2501,White Skillet,Sirrom Dareth,2000,1,2024-01-09T04:14:40.000Z,https://universalis.app/market/2501
2502,Steel Frypan,Matsu Merry,39999,1,2024-01-15T00:58:35.000Z,https://universalis.app/market/2502
2503,Cobalt Skillet,Elizabeth Knight,20000,1,2024-01-17T22:20:30.000Z,https://universalis.app/market/2503
2504,Hells' Kitchen,Whiffing Shots,25000,1,2024-01-09T08:14:24.000Z,https://universalis.app/market/2504
2507,Amateur's Culinary Knife,Lykos Rahmas,500,1,2024-01-10T00:15:05.000Z,https://universalis.app/market/2507
2508,Bronze Culinary Knife,Aeri Beri,7000,1,2023-12-31T21:51:31.000Z,https://universalis.app/market/2508
2510,Iron Culinary Knife,Kali Virac,4998,1,2023-12-31T02:11:28.000Z,https://universalis.app/market/2510
2511,Initiate's Culinary Knife,Aeri Beri,5029,1,2023-12-31T21:06:16.000Z,https://universalis.app/market/2511
2514,Wrapped Steel Culinary Knife,Adough Opal,4900,1,2024-01-12T23:19:58.000Z,https://universalis.app/market/2514
2516,Mythril Culinary Knife,Elizabeth Knight,67000,1,2024-01-17T22:20:38.000Z,https://universalis.app/market/2516
2517,Cobalt Culinary Knife,Lord Valkyrie,13000,1,2024-01-17T03:48:28.000Z,https://universalis.app/market/2517
2520,Bronze Pickaxe,Pharos Sigil,9105,1,2024-01-20T20:59:14.000Z,https://universalis.app/market/2520
2521,Amateur's Pickaxe,Nyx Khah,6000,1,2024-01-12T18:20:14.000Z,https://universalis.app/market/2521
2522,Plumed Bronze Pickaxe,Rishu Syer,2999,1,2024-01-02T20:19:19.000Z,https://universalis.app/market/2522
2523,Iron Pickaxe,Sunny Milk,36500,1,2024-01-22T06:47:11.000Z,https://universalis.app/market/2523
2524,Initiate's Pickaxe,Nova Infina,10000,1,2024-01-18T11:53:06.000Z,https://universalis.app/market/2524
2525,Iron Dolabra,Delilah Doree,59999,1,2024-01-23T23:37:33.000Z,https://universalis.app/market/2525
2526,Steel Pickaxe,Risa Cooper,10000,1,2024-01-16T17:33:00.000Z,https://universalis.app/market/2526
2527,Steel Dolabra,Yui Mikazuki,20000,1,2024-01-23T01:07:25.000Z,https://universalis.app/market/2527
2528,Plumed Mythril Pickaxe,Beastycat Darksider,4000,1,2024-01-07T14:09:37.000Z,https://universalis.app/market/2528
5327,Undyed Linen,Sylvana Mul'droth,1000,3,2024-01-08T17:45:40.000Z,https://universalis.app/market/5327
2529,Cobalt Dolabra,Keltansa Blansyng,44000,1,2024-01-09T14:54:03.000Z,https://universalis.app/market/2529
2530,Egret Dolabra,Uni Sakura,59999,1,2024-01-17T21:08:38.000Z,https://universalis.app/market/2530
2534,Bronze Sledgehammer,Panterra Rygar,20000,1,2024-01-13T22:17:18.000Z,https://universalis.app/market/2534
2536,Initiate's Sledgehammer,Tsuper Duper,50000,1,2024-01-13T05:35:13.000Z,https://universalis.app/market/2536
2537,Iron Sledgehammer,Ambrosia Apple,20000,1,2024-01-22T22:32:38.000Z,https://universalis.app/market/2537
2539,Steel Sledgehammer,Gerard Windbreaker,15000,1,2024-01-14T17:41:17.000Z,https://universalis.app/market/2539
2540,Wrapped Steel Sledgehammer,Phoenix Keahi,10000,1,2024-01-22T00:12:25.000Z,https://universalis.app/market/2540
2542,Mythril Sledgehammer,Yui Mikazuki,25000,1,2024-01-23T01:39:50.000Z,https://universalis.app/market/2542
2543,Cobalt Sledgehammer,Eluna Wormwood,64500,1,2024-01-20T21:29:47.000Z,https://universalis.app/market/2543
2544,Militia Sledgehammer,Reede Sjadarwesfv,40000,1,2024-01-03T19:22:14.000Z,https://universalis.app/market/2544
2546,Bronze Hatchet,Logan Fox,15000,1,2024-01-20T20:42:29.000Z,https://universalis.app/market/2546
2547,Amateur's Hatchet,Queen Tasha,30000,1,2023-12-31T02:47:19.000Z,https://universalis.app/market/2547
2548,Iron Hatchet,Tsuper Duper,15000,1,2024-01-13T05:36:01.000Z,https://universalis.app/market/2548
2549,Initiate's Hatchet,Tsuper Duper,14000,1,2024-01-13T05:35:55.000Z,https://universalis.app/market/2549
2550,Brass Hatchet,S'taram Zhwan,1000,1,2024-01-12T03:10:23.000Z,https://universalis.app/market/2550
2551,Plumed Iron Hatchet,Aeri Beri,29999,1,2024-01-01T18:09:46.000Z,https://universalis.app/market/2551
5359,Chocobo Feather,Shin Black,1000,2,2024-01-01T00:39:58.000Z,https://universalis.app/market/5359
2552,Steel Hatchet,Dirge Rapport,20000,1,2024-01-16T11:42:32.000Z,https://universalis.app/market/2552
2553,Plumed Steel Hatchet,Amaya Keyes,9999,1,2024-01-22T13:22:38.000Z,https://universalis.app/market/2553
2554,Mythril Hatchet,Sylvana Mul'droth,25000,1,2024-01-07T22:18:43.000Z,https://universalis.app/market/2554
2555,Cobalt Hatchet,Laqima Azzy,54999,1,2024-01-18T22:34:45.000Z,https://universalis.app/market/2555
2556,Horned Hatchet,Ysera Dei'ijla,49999,1,2024-01-09T22:59:12.000Z,https://universalis.app/market/2556
2560,Bronze Scythe,Laqima Azzy,11000,1,2024-01-19T16:39:55.000Z,https://universalis.app/market/2560
2562,Iron Scythe,Sadia Tasir,20000,1,2024-01-09T19:06:34.000Z,https://universalis.app/market/2562
2563,Initiate's Scythe,Nova Infina,25500,1,2024-01-18T12:04:44.000Z,https://universalis.app/market/2563
2565,Steel Scythe,Claire Solange,20000,1,2024-01-17T22:47:44.000Z,https://universalis.app/market/2565
2566,Wrapped Steel Scythe,Illidari Nightfall,30000,1,2024-01-02T01:36:05.000Z,https://universalis.app/market/2566
2568,Mythril Scythe,Phoenix Tomioka,40000,1,2024-01-20T04:46:02.000Z,https://universalis.app/market/2568
2569,Cobalt Scythe,Gus Aspara,64000,1,2024-01-20T22:05:09.000Z,https://universalis.app/market/2569
2570,Militia Scythe,Dirge Rapport,20000,1,2024-01-18T12:22:24.000Z,https://universalis.app/market/2570
2572,Maple Fishing Rod,Krusos Aureus,21005,1,2024-01-19T20:29:09.000Z,https://universalis.app/market/2572
2573,Amateur's Fishing Rod,Y'shtara Meowsong,111,1,2024-01-19T10:32:17.000Z,https://universalis.app/market/2573
2574,Elm Fishing Rod,Momoka Milkus,10000,1,2023-12-30T11:01:58.000Z,https://universalis.app/market/2574
2575,Initiate's Fishing Rod,Sevrozz Regalis,999,1,2024-01-10T01:47:30.000Z,https://universalis.app/market/2575
2576,Yew Fishing Rod,Blava Fael,18500,1,2024-01-11T21:48:46.000Z,https://universalis.app/market/2576
2577,Staghorn Fishing Rod,Viru Endsinger,6996,1,2024-01-19T02:44:50.000Z,https://universalis.app/market/2577
2578,Walnut Fishing Rod,Sevrozz Regalis,15000,1,2024-01-14T05:38:34.000Z,https://universalis.app/market/2578
2579,Horn Fishing Rod,Littlelala Foofoo,20000,1,2024-01-14T16:17:28.000Z,https://universalis.app/market/2579
2580,Mahogany Fishing Rod,Azem' Persephone,20000,1,2024-01-03T00:57:52.000Z,https://universalis.app/market/2580
2581,Rosewood Fishing Rod,Trishana O'mogson,30000,1,2024-01-17T10:55:47.000Z,https://universalis.app/market/2581
2582,Gilded Rosewood Fishing Rod,Shinobi Dm,44000,1,2024-01-08T17:18:03.000Z,https://universalis.app/market/2582
2588,Crayfish Ball,Jesse Brandy,330,83,2024-01-11T15:08:27.000Z,https://universalis.app/market/2588
4825,Rye Flour,Roselyn Iris,352,75,2024-01-18T17:42:18.000Z,https://universalis.app/market/4825
4925,Crayfish,Ultimate Despair,3500,2,2024-01-08T07:07:09.000Z,https://universalis.app/market/4925
2589,Goby Ball,Zacharius Saerion,201,10,2024-01-07T22:59:24.000Z,https://universalis.app/market/2589
4931,Dusk Goby,Arius Galliel,300,5,2024-01-02T06:08:26.000Z,https://universalis.app/market/4931
2593,Crab Ball,Alexander Person,7,30,2024-01-18T15:49:45.000Z,https://universalis.app/market/2593
4880,Helmet Crab,Aeri Beri,2000,4,2023-12-31T22:01:50.000Z,https://universalis.app/market/4880
2595,Bass Ball,Waifubait Sonoffrole,23,99,2024-01-11T23:42:20.000Z,https://universalis.app/market/2595
4826,Sunset Wheat Flour,Arius Galliel,400,15,2024-01-02T06:02:38.000Z,https://universalis.app/market/4826
4959,Dark Bass,Mako Izumi,1699,5,2024-01-08T20:49:36.000Z,https://universalis.app/market/4959
2598,Herring Ball,Iay Muela,60,50,2024-01-18T01:39:12.000Z,https://universalis.app/market/2598
4895,Indigo Herring,Rubber Hose,1201,1,2024-01-17T17:18:18.000Z,https://universalis.app/market/4895
2610,Chocobo Fly,I'm Home,714,99,2024-01-01T13:33:43.000Z,https://universalis.app/market/2610
2611,Floating Minnow,Oblevee Kaisuri,83,10,2024-01-07T19:17:09.000Z,https://universalis.app/market/2611
2614,Crow Fly,Luna Greaves,398,2,2024-01-15T03:23:47.000Z,https://universalis.app/market/2614
2615,Silver Spoon Lure,Kenta Ma'roash,600,2,2024-01-13T03:33:45.000Z,https://universalis.app/market/2615
2616,Steel Jig,Kenta Ma'roash,5999,1,2024-01-13T03:33:31.000Z,https://universalis.app/market/2616
2617,Sinking Minnow,Marielle Glace,10008,1,2024-01-09T23:44:01.000Z,https://universalis.app/market/2617
2618,Snurble Fly,Spinel Star,3500,5,2024-01-10T06:17:17.000Z,https://universalis.app/market/2618
5349,Snurble Tufts,Maria Noob,1000,7,2024-01-09T22:09:38.000Z,https://universalis.app/market/5349
2619,Heavy Steel Jig,Oblevee Kaisuri,6000,2,2024-01-11T15:04:45.000Z,https://universalis.app/market/2619
2620,Spinner,Ell Thyus,5000,5,2024-01-09T13:49:41.000Z,https://universalis.app/market/2620
4900,Whitelip Oyster,Haku Momochi,5000,5,2024-01-17T18:19:15.000Z,https://universalis.app/market/4900
2622,Mythril Spoon Lure,Saheeli Rai,5000,3,2024-01-10T02:35:40.000Z,https://universalis.app/market/2622
2623,Wildfowl Fly,X'akhra Tiaque,278,15,2024-01-02T03:43:54.000Z,https://universalis.app/market/2623
2624,Topwater Frog,Miki Chinen,10000,3,2023-12-30T19:44:35.000Z,https://universalis.app/market/2624
2625,Rainbow Spoon Lure,Smokey Crusoe,4500,5,2024-01-11T04:20:21.000Z,https://universalis.app/market/2625
5466,Blacklip Oyster,Meaya Gremlina,5555,8,2024-01-24T07:44:03.000Z,https://universalis.app/market/5466
2626,Spinnerbait,Bonana Nana,5000,5,2023-12-30T05:06:03.000Z,https://universalis.app/market/2626
5329,Undyed Felt,Illidas Avalee,18799,1,2024-01-17T04:53:22.000Z,https://universalis.app/market/5329
2627,Streamer,Tera Alexandros,2995,5,2024-01-13T13:11:28.000Z,https://universalis.app/market/2627
2628,Yumizuno,Charlie Stark,5000,5,2024-01-02T03:39:22.000Z,https://universalis.app/market/2628
2629,Hempen Coif,Crow Rhidiraen,9999,1,2024-01-13T06:06:34.000Z,https://universalis.app/market/2629
2630,Hempen Coif of Gathering,Phoebe Spelwiever,1000,1,2024-01-10T02:56:34.000Z,https://universalis.app/market/2630
2631,Leather Calot,Eve Bylight,4000000,1,2024-01-22T14:31:04.000Z,https://universalis.app/market/2631
12590,Ramie Cloth,Tactful Cactus,5500,5,2024-01-17T02:14:19.000Z,https://universalis.app/market/12590
12595,Ramie Thread,Malaqi Himaa,4990,10,2023-12-30T21:43:08.000Z,https://universalis.app/market/12595
2652,Hempen Bandana,Willowgrace Riversong,15000000,1,2024-01-13T01:37:06.000Z,https://universalis.app/market/2652
2653,Leather Eyepatch,Amber Aensland,1500,1,2024-01-20T00:08:53.000Z,https://universalis.app/market/2653
2654,Hard Leather Pot Helm,Jcnegi Lrxefr,315000000,1,2023-12-29T18:42:42.000Z,https://universalis.app/market/2654
2655,Hempen Hat,Raikyo Deus,53000000,1,2024-01-15T05:15:23.000Z,https://universalis.app/market/2655
2656,Bronze Chain Coif,Ky Ky,35000,1,2024-01-14T19:11:12.000Z,https://universalis.app/market/2656
5081,Bronze Rings,Emma West,798,1,2024-01-14T18:45:38.000Z,https://universalis.app/market/5081
2658,Straw Hat,Zenith Genesis,999,1,2023-12-30T02:39:56.000Z,https://universalis.app/market/2658
5342,Straw,Zara Ashbluff,2500,4,2024-01-04T02:32:56.000Z,https://universalis.app/market/5342
2660,Amateur's Headgear,Eley Lalafeley,5000,1,2024-01-07T06:36:05.000Z,https://universalis.app/market/2660
2661,Amateur's Hempen Coif,Sigurd Snow-hair,5304,1,2024-01-01T15:47:30.000Z,https://universalis.app/market/2661
2662,Bronze Sallet,Daichi Kagon,40000,1,2024-01-25T00:28:01.000Z,https://universalis.app/market/2662
2663,Stablemaid's Hat,Rafflesia Aesthesia,2005,1,2023-12-31T18:06:22.000Z,https://universalis.app/market/2663
5540,Carnation,Twyla Belladonna,1500,15,2023-12-30T17:32:06.000Z,https://universalis.app/market/5540
2664,Bronze Barbut,Ai Zgod,9998,1,2024-01-23T19:47:17.000Z,https://universalis.app/market/2664
2665,Cotton Turban,Evie Nights,3006,1,2024-01-02T21:55:15.000Z,https://universalis.app/market/2665
2666,Stablehand's Hat,Verro Sync,3000,1,2024-01-05T06:39:53.000Z,https://universalis.app/market/2666
2668,Brass Spectacles,Skye Boo,75000000,1,2024-01-17T07:09:02.000Z,https://universalis.app/market/2668
5512,Clear Glass Lens,Silas Othemaas,1000,2,2023-12-30T21:28:26.000Z,https://universalis.app/market/5512
2669,Hard Leather Eyepatch,Gabriel D'dragon,3000,1,2024-01-07T03:25:28.000Z,https://universalis.app/market/2669
2670,Cotton Scarf,Rishu Syer,30000,1,2024-01-04T00:01:28.000Z,https://universalis.app/market/2670
2672,Hard Leather Skullcap,Anghara Indigo,10101,1,2024-01-01T03:28:24.000Z,https://universalis.app/market/2672
2673,Bronze Celata,Anghara Indigo,4000,1,2024-01-10T12:55:07.000Z,https://universalis.app/market/2673
2675,Ash Mask,Mama Gunji,3008,1,2024-01-20T05:02:22.000Z,https://universalis.app/market/2675
2677,Hunting Hat,Lucian Lycangard,842,1,2024-01-22T22:36:43.000Z,https://universalis.app/market/2677
2680,Decorated Bronze Barbut,General Kale,30000,1,2024-01-24T06:58:34.000Z,https://universalis.app/market/2680
2685,Brass Circlet (Sunstone),Fluffy Doughnut,2500,1,2024-01-19T03:12:58.000Z,https://universalis.app/market/2685
5169,Sunstone,Vito Black,394,2,2023-12-29T22:05:58.000Z,https://universalis.app/market/5169
2687,Brass Circlet (Danburite),Athena Queen,500,1,2023-12-31T05:44:25.000Z,https://universalis.app/market/2687
5170,Danburite,Gaius Halthorn,200,2,2023-12-31T21:22:32.000Z,https://universalis.app/market/5170
2689,Brass Circlet (Malachite),Ildstorm Djt-dvre,550,1,2024-01-01T11:16:54.000Z,https://universalis.app/market/2689
5171,Malachite,Zephyr Null,675,19,2024-01-11T01:42:27.000Z,https://universalis.app/market/5171
2691,Brass Circlet (Sphene),Nanami Lunaeria,250,1,2024-01-11T07:28:21.000Z,https://universalis.app/market/2691
5172,Sphene,Goddess Hylia,1000,2,2024-01-22T21:21:45.000Z,https://universalis.app/market/5172
5173,Fluorite,Khasar Orl,150,1,2024-01-25T05:36:40.000Z,https://universalis.app/market/5173
2695,Brass Circlet (Lapis Lazuli),Kama Ryuura,109,1,2023-12-29T05:45:42.000Z,https://universalis.app/market/2695
5174,Lapis Lazuli,Adhika Sinag,200,1,2024-01-10T00:27:08.000Z,https://universalis.app/market/5174
2697,Goatskin Pot Helm,Septa Lustramina,14999,1,2024-01-04T22:43:30.000Z,https://universalis.app/market/2697
2699,Cotton Coif,Septa Lustramina,4000,1,2023-12-30T22:23:19.000Z,https://universalis.app/market/2699
2700,Cotton Coif of Gathering,Krusos Aureus,68000,1,2024-01-20T06:52:49.000Z,https://universalis.app/market/2700
2703,Ash Mask (Lapis Lazuli),Zeitgeist Hyuga,40000,1,2024-01-07T16:52:05.000Z,https://universalis.app/market/2703
2708,Iron Sallet,Laqima Azzy,32000,1,2024-01-08T22:40:14.000Z,https://universalis.app/market/2708
2710,Goatskin Eyepatch,Kassian Rahz,5000000,1,2023-12-30T04:08:56.000Z,https://universalis.app/market/2710
2712,Iron Celata,Rachine Khihalo,999,1,2024-01-05T20:31:48.000Z,https://universalis.app/market/2712
5082,Iron Rings,Mason Greywolf,1000,10,2024-01-11T02:05:37.000Z,https://universalis.app/market/5082
2714,Initiate's Headgear,Aeri Beri,50000,1,2023-12-31T22:44:36.000Z,https://universalis.app/market/2714
2719,Cotton Sugarloaf Hat,King Bucket,7000,1,2024-01-01T19:18:07.000Z,https://universalis.app/market/2719
2723,Iron Elmo,Mai Veil,20000,1,2024-01-11T02:26:24.000Z,https://universalis.app/market/2723
2725,Reinforced Iron Sallet,Alys Rokuyari,10013,1,2023-12-29T17:46:39.000Z,https://universalis.app/market/2725
2727,Velveteen Bandana,Eith Neir,15000,1,2024-01-08T06:54:52.000Z,https://universalis.app/market/2727
2728,Silver Spectacles,Chlo Orange,9000,1,2024-01-06T07:06:49.000Z,https://universalis.app/market/2728
2729,Velveteen Turban,Blava Fael,28000,1,2024-01-07T13:58:19.000Z,https://universalis.app/market/2729
2731,Silver Magnifiers,Kenta Ma'roash,20000,1,2024-01-12T00:50:53.000Z,https://universalis.app/market/2731
2733,Velveteen Wedge Cap of Crafting,Ophelia Shadowblossom,40000,1,2024-01-18T00:23:21.000Z,https://universalis.app/market/2733
2734,Velveteen Wedge Cap of Gathering,Rishu Syer,7999,1,2024-01-14T22:29:06.000Z,https://universalis.app/market/2734
2735,Silver Circlet (Garnet),Ry'neuth Keki,19990,1,2023-12-29T07:48:43.000Z,https://universalis.app/market/2735
5175,Garnet,Stevie Tiger,495,1,2024-01-06T05:39:10.000Z,https://universalis.app/market/5175
2737,Silver Circlet (Goshenite),Silver Yue,20000,1,2024-01-22T03:08:32.000Z,https://universalis.app/market/2737
5176,Goshenite,Velvet Wolf,1000,10,2024-01-17T21:38:39.000Z,https://universalis.app/market/5176
2739,Silver Circlet (Peridot),Kiso Mihata,2999,1,2024-01-14T22:12:19.000Z,https://universalis.app/market/2739
5177,Peridot,Aurora Verseere,1200,9,2024-01-02T14:30:07.000Z,https://universalis.app/market/5177
2741,Silver Circlet (Heliodor),Uncle Harold,5999,1,2024-01-20T02:37:53.000Z,https://universalis.app/market/2741
5178,Heliodor,Hirofusa Kurogane,1000,1,2024-01-01T06:25:14.000Z,https://universalis.app/market/5178
2743,Silver Circlet (Amethyst),Ladybug Kay,5000,1,2024-01-19T00:41:59.000Z,https://universalis.app/market/2743
5179,Amethyst,Majin Storm,1500,2,2024-01-15T05:31:46.000Z,https://universalis.app/market/5179
2745,Silver Circlet (Aquamarine),Rikku Bigdong,19890,1,2024-01-15T08:02:20.000Z,https://universalis.app/market/2745
5180,Aquamarine,Ariseli Hachiryu,140,1,2024-01-03T16:24:56.000Z,https://universalis.app/market/5180
2750,Velveteen Beret,Athena Queen,31999,1,2023-12-31T06:51:07.000Z,https://universalis.app/market/2750
5343,Cotton Boll,Alka Zelka,990,98,2024-01-21T21:40:25.000Z,https://universalis.app/market/5343
5355,Dodo Feather,Ophion Stormbreaker,249,2,2024-01-19T15:46:24.000Z,https://universalis.app/market/5355
2753,Steel Sallet,Eldin Albasta,39999,1,2024-01-01T17:42:30.000Z,https://universalis.app/market/2753
2755,Steel Celata,Ririlao Nonolao,50000,1,2024-01-03T02:06:34.000Z,https://universalis.app/market/2755
2757,Vintage Celata,Noskcer Xer,43000,1,2024-01-13T05:56:41.000Z,https://universalis.app/market/2757
2758,Steel Goggles,Rubh'li Mewrilah,35500,1,2024-01-07T01:06:22.000Z,https://universalis.app/market/2758
2763,Velveteen Sugarloaf Hat,Icarus Blue,31999,1,2023-12-30T01:25:09.000Z,https://universalis.app/market/2763
2765,Steel Elmo,Althea Valorenzzz,5000,1,2023-12-29T10:49:12.000Z,https://universalis.app/market/2765
2767,Skull Eyepatch,Tini Lancer,35000,1,2024-01-09T09:35:02.000Z,https://universalis.app/market/2767
2769,Mythril Magnifiers,Khaja Mol,8900,1,2024-01-15T07:03:29.000Z,https://universalis.app/market/2769
2774,Mythril Spectacles,Zero Yatsurugi,100037,1,2024-01-05T08:07:32.000Z,https://universalis.app/market/2774
2776,Linen Turban,Senor Staybroke,51037,1,2024-01-20T00:28:42.000Z,https://universalis.app/market/2776
2778,Angler's Hat,Nova Infina,68000,1,2024-01-18T12:04:55.000Z,https://universalis.app/market/2778
2779,Linen Hat,Club Ley-lines,50000000,1,2024-01-20T22:13:28.000Z,https://universalis.app/market/2779
2785,Vintage Chef's Hat,Roselyn Iris,21000,1,2024-01-18T17:45:46.000Z,https://universalis.app/market/2785
2657,Ripped Chef's Hat,Fluffy Doughnut,11000,1,2024-01-19T23:05:29.000Z,https://universalis.app/market/2657
2786,Steel Barbut,Amu Silvermoon,14040,1,2024-01-18T01:51:12.000Z,https://universalis.app/market/2786
2788,Boarskin Pot Helm,Emire Terumen,45000,1,2024-01-21T02:50:36.000Z,https://universalis.app/market/2788
2790,Mythril Circlet (Rubellite),Jivana Cori,22852,1,2024-01-19T09:19:30.000Z,https://universalis.app/market/2790
5181,Rubellite,Grimes Album,98,1,2024-01-13T17:16:49.000Z,https://universalis.app/market/5181
2792,Mythril Circlet (Zircon),Rum-tum Tugger,9999,1,2024-01-21T10:09:29.000Z,https://universalis.app/market/2792
5182,Zircon,Terrah Nisi'amor,1000,1,2023-12-30T05:18:31.000Z,https://universalis.app/market/5182
2794,Mythril Circlet (Tourmaline),Raey Dawn,650,1,2023-12-30T22:38:33.000Z,https://universalis.app/market/2794
2796,Mythril Circlet (Amber),Surreal M'ocean,5041,1,2024-01-07T17:24:48.000Z,https://universalis.app/market/2796
5184,Amber,Chad Moon,250,2,2024-01-11T17:07:10.000Z,https://universalis.app/market/5184
2798,Mythril Circlet (Spinel),Beer Pup,10000,1,2023-12-31T07:18:35.000Z,https://universalis.app/market/2798
5185,Spinel,Shen Flips,1000,1,2024-01-02T23:09:38.000Z,https://universalis.app/market/5185
2800,Mythril Circlet (Turquoise),Surreal M'ocean,500,1,2024-01-07T17:27:04.000Z,https://universalis.app/market/2800
5186,Turquoise,Ninako Yasu,50,19,2023-12-30T00:34:22.000Z,https://universalis.app/market/5186
2802,Mythril Elmo,Rumi Usagimimi,35000,1,2024-01-05T07:57:32.000Z,https://universalis.app/market/2802
2804,Linen Wedge Cap of Crafting,Ivrix Tibain,8500,1,2023-12-29T04:17:57.000Z,https://universalis.app/market/2804
2805,Linen Wedge Cap of Gathering,Lime Ino,6500,1,2024-01-08T14:57:12.000Z,https://universalis.app/market/2805
2806,Woolen Coif,Fakhet Ragnall,10000,1,2023-12-29T19:12:54.000Z,https://universalis.app/market/2806
5328,Undyed Woolen Cloth,Oki Altissia,5000,1,2024-01-18T03:17:24.000Z,https://universalis.app/market/5328
2808,Woolen Coif of Gathering,Talla Dega,24999,1,2024-01-14T00:29:05.000Z,https://universalis.app/market/2808
2810,Woolen Turban,Venus Rising,12000,1,2024-01-25T13:57:13.000Z,https://universalis.app/market/2810
2812,Mythril Celata,The Zhue,15000,1,2024-01-05T04:14:31.000Z,https://universalis.app/market/2812
5089,Mythril Rings,Fenix Kha,3000,1,2023-12-30T16:15:40.000Z,https://universalis.app/market/5089
2814,Woolen Hat,Alrek Brandt,25000,1,2024-01-07T16:18:56.000Z,https://universalis.app/market/2814
2816,Linen Deerstalker,Odaedo Atara,30000,1,2023-12-29T17:02:50.000Z,https://universalis.app/market/2816
2817,Mythril Barbut,Mera Gilland,22000,1,2024-01-06T16:41:19.000Z,https://universalis.app/market/2817
2819,Mythril Mesail,Kaizen Djt-gilda,29000,1,2023-12-30T05:04:09.000Z,https://universalis.app/market/2819
2825,Ranger's Hat,Surreal M'ocean,4051,1,2024-01-07T16:07:30.000Z,https://universalis.app/market/2825
2827,Mythril Chain Coif,Tabius Korinthos,14998,1,2024-01-15T01:37:52.000Z,https://universalis.app/market/2827
2829,Woolen Beret,Lok Xiao,20000000,1,2024-01-20T05:13:56.000Z,https://universalis.app/market/2829
5348,Apkallu Down,Bertrand Levesque,2198,5,2024-01-06T08:00:30.000Z,https://universalis.app/market/5348
2830,Reinforced Mythril Elmo,Faris Shima,49999,1,2023-12-29T17:01:26.000Z,https://universalis.app/market/2830
2834,Cobalt Preserves,Unony Ouo,35000,1,2024-01-08T00:10:29.000Z,https://universalis.app/market/2834
2835,Felt Coif,Artemis Knightingale,17900,1,2024-01-01T00:55:52.000Z,https://universalis.app/market/2835
2837,Felt Coif of Gathering,Kameko Oblivion,12755,1,2023-12-30T20:16:15.000Z,https://universalis.app/market/2837
2850,Cobalt Elmo,Tetele Tele,94056,1,2024-01-14T22:48:57.000Z,https://universalis.app/market/2850
2852,Felt Hat,Riven Zatoshi,20000,1,2024-01-03T18:48:41.000Z,https://universalis.app/market/2852
2854,Woolen Deerstalker,Surreal M'ocean,4000,1,2024-01-07T16:09:37.000Z,https://universalis.app/market/2854
2702,Moldering Jester's Cap,Iintodah Spiedevers,7499,1,2024-01-08T18:39:26.000Z,https://universalis.app/market/2702
2857,Electrum Monocle,Idyn Selfin,34500,1,2024-01-09T05:46:13.000Z,https://universalis.app/market/2857
5087,Brass Rings,Lilim Zith,19,8,2024-01-19T00:38:32.000Z,https://universalis.app/market/5087
2859,Cobalt Barbut,Alt One,78000,1,2023-12-30T18:42:02.000Z,https://universalis.app/market/2859
2861,Cobalt Mesail,Ouka Ootori,29000,1,2024-01-09T16:03:00.000Z,https://universalis.app/market/2861
2862,Raptorskin Pot Helm,Jayden Vaulkner,55000,1,2024-01-19T21:28:52.000Z,https://universalis.app/market/2862
2870,Electrum Circlet (Rubellite),Laqima Azzy,100061,1,2024-01-17T22:42:00.000Z,https://universalis.app/market/2870
2872,Electrum Circlet (Zircon),Frankstral Stasis,39999,1,2024-01-14T17:58:23.000Z,https://universalis.app/market/2872
2874,Electrum Circlet (Tourmaline),Surreal M'ocean,10000,1,2024-01-07T17:29:49.000Z,https://universalis.app/market/2874
2876,Electrum Circlet (Amber),Ayame Kitsune,39999,1,2023-12-29T00:44:02.000Z,https://universalis.app/market/2876
2878,Electrum Circlet (Spinel),No Anime,40000,1,2024-01-21T22:36:46.000Z,https://universalis.app/market/2878
2882,Rainmaker's Hat,Ophelia Aliapoh,29000,1,2024-01-12T02:53:58.000Z,https://universalis.app/market/2882
2884,Cobalt Chain Coif,Gabriel D'dragon,8421,1,2024-01-03T02:41:13.000Z,https://universalis.app/market/2884
5084,Cobalt Rings,Merinda Sunrider,1111,2,2024-01-08T08:17:28.000Z,https://universalis.app/market/5084
2886,Felt Beret,Katerina Gestalt,35500,1,2024-01-08T19:52:01.000Z,https://universalis.app/market/2886
2888,Vintage Coif,Juniper Knots,28500,1,2024-01-02T02:27:53.000Z,https://universalis.app/market/2888
2889,Cobalt Celata,Eitri Brokkr,5500,1,2024-01-16T20:41:16.000Z,https://universalis.app/market/2889
2891,Felt Cavalier's Hat,Zofia Wojcik,65099,1,2024-01-23T19:03:54.000Z,https://universalis.app/market/2891
2893,Cobalt Sallet,Khal Weedman,75000,1,2024-01-15T03:02:12.000Z,https://universalis.app/market/2893
2895,Patrician's Wedge Cap,Vany Emblish,55000,1,2024-01-19T20:59:19.000Z,https://universalis.app/market/2895
2911,Militia Barbut,Anaselina La'luna,8000,1,2024-01-07T01:02:43.000Z,https://universalis.app/market/2911
2912,Militia Armet,Hells Angel,1000,1,2024-01-18T22:51:24.000Z,https://universalis.app/market/2912
2913,Militia Hat,Makuma Spiritdancer,2000,1,2024-01-18T23:21:46.000Z,https://universalis.app/market/2913
2915,Silver Tricorne,Gren Schneider,7984,1,2024-01-25T19:50:47.000Z,https://universalis.app/market/2915
5287,Uraeus Leather,Momiji Hikaru,10001,2,2024-01-20T20:58:47.000Z,https://universalis.app/market/5287
2925,Weaver's Gibus,Sefi Litsey,6000,1,2024-01-06T04:31:50.000Z,https://universalis.app/market/2925
2928,Hamlet Digger's Helmet,Laughing Goddess,50000,1,2024-01-21T20:18:23.000Z,https://universalis.app/market/2928
2930,Hamlet Puller's Hat,Billy Bum,68500,1,2024-01-24T09:21:30.000Z,https://universalis.app/market/2930
2932,Rose Gold Circlet,Makuma Spiritdancer,2083,1,2024-01-18T23:21:04.000Z,https://universalis.app/market/2932
2931,Legionary Visor,Eona Claymore,30000000,1,2023-12-29T19:35:00.000Z,https://universalis.app/market/2931
5067,Rose Gold Ingot,Jim Peters,1099,18,2024-01-22T07:15:44.000Z,https://universalis.app/market/5067
2933,Imperial Operative Tricorne,Makuma Matata,2000,1,2024-01-18T22:22:16.000Z,https://universalis.app/market/2933
2934,Imperial Operative Hat,Cybele Gallius,4998,1,2024-01-10T18:21:10.000Z,https://universalis.app/market/2934
2938,Gryphonskin Bandana,Midori Ren,2999,1,2024-01-06T13:24:16.000Z,https://universalis.app/market/2938
5289,Hard Hippogryph Leather,Agent Undercover,2699,1,2024-01-06T15:29:54.000Z,https://universalis.app/market/5289
2939,Gryphonskin Hat,Makuma Matata,2500,1,2024-01-18T22:22:04.000Z,https://universalis.app/market/2939
2940,Darksteel Chain Coif,Bellexis Ter'vash,2492,1,2024-01-13T20:38:49.000Z,https://universalis.app/market/2940
5085,Darksteel Rings,Aric Leifur,2000,19,2024-01-13T17:47:00.000Z,https://universalis.app/market/5085
2941,Vanya Hat of Casting,Vchbeg Jqtwac,102000000,1,2024-01-10T21:00:11.000Z,https://universalis.app/market/2941
5577,Vanya Silk Hat Lining,Didri Winterset,2024,2,2024-01-01T03:09:53.000Z,https://universalis.app/market/5577
2942,Vanya Hat of Healing,Yu Levara,9083,1,2024-01-13T15:28:01.000Z,https://universalis.app/market/2942
2958,Hempen Dalmatica,Princess Shortcake,51000000,1,2024-01-04T23:02:24.000Z,https://universalis.app/market/2958
2959,Hempen Dalmatica of Gathering,Epheria Silferia,95258000,1,2024-01-17T17:31:49.000Z,https://universalis.app/market/2959
2960,Hempen Tunic,Shrimp Esquire,25000,1,2024-01-01T04:03:13.000Z,https://universalis.app/market/2960
2961,Hempen Kurta,X' X',150000000,1,2024-01-20T01:06:49.000Z,https://universalis.app/market/2961
2993,Company Tabard,Baatu Ura,1445000,1,2024-01-12T22:12:46.000Z,https://universalis.app/market/2993
2996,Hempen Undershirt,Maloria Tsukiko,44000000,1,2023-12-29T18:30:24.000Z,https://universalis.app/market/2996
2997,Hempen Camise,Vossler Fonronsenburg,20000000,1,2024-01-19T22:24:27.000Z,https://universalis.app/market/2997
2999,Hempen Tabard,Emerald Urumet,10000,1,2024-01-23T05:37:03.000Z,https://universalis.app/market/2999
3000,Hempen Cowl,Cassian Zero,2900,1,2024-01-20T04:03:48.000Z,https://universalis.app/market/3000
3001,Hempen Shepherd's Tunic,Talla Dega,40000,1,2024-01-01T21:07:31.000Z,https://universalis.app/market/3001
3008,Hempen Acton,Tactful Cactus,3499,1,2024-01-05T22:50:58.000Z,https://universalis.app/market/3008
5341,Moko Grass,Jin Ayasami,30000,5,2024-01-06T02:33:09.000Z,https://universalis.app/market/5341
3010,Hempen Halfrobe,Oryx-the Taken-king,10000000,1,2024-01-20T01:06:07.000Z,https://universalis.app/market/3010
3011,Bronze Haubergeon,Tactful Cactus,35000,1,2023-12-31T01:54:00.000Z,https://universalis.app/market/3011
3013,Amateur's Doublet Vest,Elevation Xx,10000,1,2024-01-18T20:32:24.000Z,https://universalis.app/market/3013
3014,Amateur's Kurta,Asterius Seheult,100000000,1,2024-01-01T22:04:39.000Z,https://universalis.app/market/3014
3015,Amateur's Dalmatica,Evie Nights,10001,1,2024-01-02T21:50:50.000Z,https://universalis.app/market/3015
3016,Leather Jacket,Daenera Starlight,4000,1,2023-12-31T02:54:08.000Z,https://universalis.app/market/3016
3017,Hard Leather Harness,Ka'ai Sun,10000,1,2024-01-08T00:07:10.000Z,https://universalis.app/market/3017
3018,Hempen Robe,Tactful Cactus,5000,1,2024-01-11T01:38:01.000Z,https://universalis.app/market/3018
3019,Hempen Doublet Vest of Crafting,Naruto Vowels,9000,1,2024-01-07T01:15:02.000Z,https://universalis.app/market/3019
3020,Hempen Doublet Vest of Gathering,Melia Kah,25000,1,2024-01-24T22:37:46.000Z,https://universalis.app/market/3020
3022,Cotton Shirt,Sigurd Snow-hair,3000,1,2024-01-09T14:39:11.000Z,https://universalis.app/market/3022
3023,Cotton Shepherd's Tunic,Mashangi Rygat,35000,1,2024-01-08T20:09:32.000Z,https://universalis.app/market/3023
3024,Cotton Cowl,Myst Amaris,2000,1,2024-01-10T01:17:54.000Z,https://universalis.app/market/3024
3026,Bronze Cuirass,Anghara Indigo,100,1,2024-01-11T17:09:21.000Z,https://universalis.app/market/3026
3028,Cotton Tabard,Niamh Eiry,14000,1,2024-01-20T19:13:42.000Z,https://universalis.app/market/3028
3036,Cotton Dalmatica,Aksel Huorlwesfv,10000,1,2024-01-14T04:01:23.000Z,https://universalis.app/market/3036
3038,Cotton Dalmatica of Gathering,Momoka Milkus,50000,1,2023-12-30T11:02:40.000Z,https://universalis.app/market/3038
3039,Cotton Acton,Dalia Zinmar,20000,1,2024-01-17T07:35:36.000Z,https://universalis.app/market/3039
3041,Cotton Kurta,Cocoa Puff,9512,1,2024-01-21T03:27:50.000Z,https://universalis.app/market/3041
3043,Goatskin Jacket,Astral Gemini,20000000,1,2024-01-04T02:59:29.000Z,https://universalis.app/market/3043
3045,Iron Cuirass,Jorgo Petra,2000,1,2024-01-14T00:27:57.000Z,https://universalis.app/market/3045
3050,Cotton Halfrobe,Midknight Moon,13000,1,2024-01-14T05:52:04.000Z,https://universalis.app/market/3050
3052,Cotton Doublet Vest of Crafting,Komachi Onozuka,50000,1,2024-01-22T02:18:41.000Z,https://universalis.app/market/3052
3053,Cotton Doublet Vest of Gathering,Kessel Run,20000,1,2024-01-13T16:02:30.000Z,https://universalis.app/market/3053
3057,Iron Scale Mail,Abby Whelihan,25000,1,2024-01-06T22:12:28.000Z,https://universalis.app/market/3057
3060,Cotton Trapper's Tunic,Minute Hour,10000,1,2024-01-20T07:18:46.000Z,https://universalis.app/market/3060
3062,Cotton Robe,Silver Yue,57899,1,2024-01-20T06:09:13.000Z,https://universalis.app/market/3062
3064,Initiate's Doublet Vest,Anghara Indigo,9999,1,2024-01-13T00:35:04.000Z,https://universalis.app/market/3064
3065,Initiate's Gown,Athena Queen,9000,1,2023-12-31T06:52:25.000Z,https://universalis.app/market/3065
3066,Velveteen Shirt,Raven Gall,10000,1,2024-01-18T06:45:55.000Z,https://universalis.app/market/3066
3068,Heavy Iron Armor,Yunx Kellz,10000,1,2024-01-12T02:33:17.000Z,https://universalis.app/market/3068
3076,Vintage Coatee,Cardi Hi-c,16900,1,2023-12-29T04:53:54.000Z,https://universalis.app/market/3076
3009,Moth-eaten Coatee,Deandra Seelen,55000,1,2024-01-24T02:00:49.000Z,https://universalis.app/market/3009
3077,Velveteen Coatee of Crafting,Kenta Ma'roash,25000,1,2024-01-12T00:51:03.000Z,https://universalis.app/market/3077
3090,Velveteen Cowl,Alaric Southsea,15000,1,2024-01-09T05:05:39.000Z,https://universalis.app/market/3090
3092,Velveteen Coatee of Gathering,Ragnvald Gyrmoensyn,15000,1,2024-01-12T06:51:20.000Z,https://universalis.app/market/3092
3096,Steel Chainmail,Alyxanna Cactaceae,29999,1,2024-01-13T22:09:57.000Z,https://universalis.app/market/3096
5083,Steel Rings,Warm Milk,2250,1,2024-01-07T00:08:11.000Z,https://universalis.app/market/5083
3099,Toadskin Jerkin,Guy Gregor,20000,1,2024-01-01T20:32:24.000Z,https://universalis.app/market/3099
3100,Toadskin Jacket,Aeri Beri,45000,1,2024-01-01T18:17:37.000Z,https://universalis.app/market/3100
3102,Steel Cuirass,Farrokh Djt-marouc,4000,1,2024-01-22T08:35:58.000Z,https://universalis.app/market/3102
3104,Velveteen Gown,Soma Hena,50000,1,2023-12-30T17:22:37.000Z,https://universalis.app/market/3104
3105,Vintage Doublet Vest,Yandere Monster,41000,1,2024-01-17T14:08:25.000Z,https://universalis.app/market/3105
2998,Frayed Cotton Doublet Vest,Divinix Windstar,7500,1,2024-01-03T17:52:23.000Z,https://universalis.app/market/2998
3106,Velveteen Robe,Leon Dakrow,50000,1,2024-01-11T02:16:15.000Z,https://universalis.app/market/3106
3118,Steel Scale Mail,Jubo Malseeco,20000,1,2024-01-22T20:55:42.000Z,https://universalis.app/market/3118
3120,Velveteen Doublet Vest of Crafting,Exiled Lepus,39999,1,2024-01-21T06:08:25.000Z,https://universalis.app/market/3120
3121,Velveteen Doublet Vest of Gathering,Nox Aeternum,42052,1,2024-01-19T04:51:39.000Z,https://universalis.app/market/3121
3125,Linen Shirt,Anador Tsunareada,29999,1,2024-01-21T10:26:47.000Z,https://universalis.app/market/3125
3127,Heavy Steel Armor,Bino Belloski,28000,1,2024-01-04T11:07:19.000Z,https://universalis.app/market/3127
3131,Linen Robe,Senor Staybroke,20000,1,2024-01-20T00:28:23.000Z,https://universalis.app/market/3131
3137,Vintage Chef's Apron,Ironic Cooper,25000,1,2024-01-05T01:30:51.000Z,https://universalis.app/market/3137
3012,Stained Chef's Apron,Popowazu Wawawazu,8000,1,2024-01-06T18:48:26.000Z,https://universalis.app/market/3012
3138,Boarskin Harness,Azura Highwind,30000,1,2024-01-09T21:26:22.000Z,https://universalis.app/market/3138
3140,Linen Cowl,Kairo Orben,10000,1,2023-12-29T10:17:04.000Z,https://universalis.app/market/3140
3142,Horn Scale Mail,Nephy Nephneph,58000,1,2024-01-23T01:30:35.000Z,https://universalis.app/market/3142
3144,Linen Coatee of Crafting,Athena Darkpromise,28500,1,2024-01-14T00:55:19.000Z,https://universalis.app/market/3144
3145,Linen Coatee of Gathering,Kerina Surfrider,25000,1,2024-01-14T01:56:18.000Z,https://universalis.app/market/3145
3146,Linen Bliaud,Kainan Syn'n,25000,1,2024-01-07T18:58:43.000Z,https://universalis.app/market/3146
3147,Woolen Shirt,Alex Skyborn,20000,1,2024-01-11T20:31:56.000Z,https://universalis.app/market/3147
3149,Mythril Cuirass,The Zhue,48000,1,2024-01-05T04:14:36.000Z,https://universalis.app/market/3149
3160,Woolen Robe,Risette Khilo,50000,1,2024-01-01T21:35:15.000Z,https://universalis.app/market/3160
3162,Linen Smock,Tsukuyomi Mikoto,75770,1,2024-01-20T11:28:27.000Z,https://universalis.app/market/3162
3163,Linen Doublet,Joshy Kinz,20000,1,2024-01-09T19:39:21.000Z,https://universalis.app/market/3163
3164,Vintage Scale Mail,Vinvino Kanin,30000,1,2023-12-29T08:10:00.000Z,https://universalis.app/market/3164
3021,Blackened Scale Mail,Terrah Nisi'amor,2500,1,2024-01-15T06:25:42.000Z,https://universalis.app/market/3021
3165,Peisteskin Harness,Zero Yatsurugi,50000,1,2024-01-01T06:55:48.000Z,https://universalis.app/market/3165
3172,Ranger's Tunic,Love-punch Jones,23500,1,2024-01-19T04:22:46.000Z,https://universalis.app/market/3172
3174,Mythril Haubergeon,Lilly Pad,9000,1,2024-01-08T02:12:34.000Z,https://universalis.app/market/3174
3176,Woolen Gown,Chii Chii,39999,1,2024-01-16T22:28:53.000Z,https://universalis.app/market/3176
3177,Boarskin Jerkin,Catnip Lacroix,39499,1,2024-01-25T01:00:49.000Z,https://universalis.app/market/3177
3178,Woolen Bliaud,Surreal M'ocean,2900,1,2024-01-07T16:35:27.000Z,https://universalis.app/market/3178
3180,High Mythril Armor,Tabius Korinthos,50000,1,2024-01-07T19:16:24.000Z,https://universalis.app/market/3180
3182,Vintage Seneschal Coatee,Sunrise Lockhart,23000,1,2024-01-01T02:23:36.000Z,https://universalis.app/market/3182
3098,Moth-eaten Seneschal Coatee,Aspenadora Kushinada,98000,1,2024-01-14T22:13:40.000Z,https://universalis.app/market/3098
3183,Tortoiseshell Scale Mail,Raikyo Deus,12000,1,2024-01-19T14:08:53.000Z,https://universalis.app/market/3183
3185,Felt Robe,Lani Kedves,24989,1,2023-12-29T03:46:33.000Z,https://universalis.app/market/3185
3187,Woolen Smock,Aric Leifur,24999,1,2024-01-12T17:17:28.000Z,https://universalis.app/market/3187
3188,Woolen Doublet,Elhadrim Shepard,18000,1,2024-01-11T04:56:10.000Z,https://universalis.app/market/3188
3191,Raptorskin Harness,Coop El'jefe,20000,1,2024-01-20T01:16:07.000Z,https://universalis.app/market/3191
3193,Woolen Cowl,Vavatsu Vatsu,20000,1,2024-01-13T05:39:56.000Z,https://universalis.app/market/3193
3201,Rainmaker's Tunic,Aria Ulmeyda,23799,1,2023-12-31T16:10:33.000Z,https://universalis.app/market/3201
3203,Cobalt Haubergeon,Ryuuga Soratonomi,49999,1,2024-01-01T05:04:40.000Z,https://universalis.app/market/3203
3205,Felt Gown,Aetheria Nabaal,33000,1,2024-01-08T03:41:53.000Z,https://universalis.app/market/3205
3206,Raptorskin Jerkin,Sazuka Gheldari,499999,1,2024-01-06T16:22:47.000Z,https://universalis.app/market/3206
3209,Cobalt Cuirass,Khal Weedman,25000,1,2024-01-15T03:03:00.000Z,https://universalis.app/market/3209
3211,Felt Bliaud,Bataar Dotharl,28995,1,2024-01-01T01:26:24.000Z,https://universalis.app/market/3211
3213,Raptorskin Jacket,Jcnegi Lrxefr,51000000,1,2024-01-02T03:51:41.000Z,https://universalis.app/market/3213
3215,Patrician's Coatee,Dezkiimro Avagnar,49999,1,2024-01-09T11:09:28.000Z,https://universalis.app/market/3215
3218,Vintage Haubergeon,Jeiku King,29473,1,2024-01-18T20:25:36.000Z,https://universalis.app/market/3218
3059,Ripped Haubergeon,Star Eirena,1300,1,2024-01-23T07:56:16.000Z,https://universalis.app/market/3059
3230,Blacksmith's Apron,Zoey Knight,69999,1,2024-01-12T12:39:46.000Z,https://universalis.app/market/3230
3233,Leatherworker's Shirt,Ryun Strav,49899,1,2024-01-15T03:16:33.000Z,https://universalis.app/market/3233
3234,Weaver's Swallowtail,Melty Blood,65000,1,2024-01-01T22:08:16.000Z,https://universalis.app/market/3234
3237,Miner's Shirt,Wonrei Liyen,69900,1,2024-01-15T00:18:52.000Z,https://universalis.app/market/3237
3238,Botanist's Doublet,Yidris Malesi,70000,1,2023-12-31T17:42:19.000Z,https://universalis.app/market/3238
3239,Fisher's Shirt,Javel Araan,69899,1,2024-01-19T13:20:44.000Z,https://universalis.app/market/3239
3240,Militia Robe,Sable Sunflower,1999,1,2024-01-09T01:13:34.000Z,https://universalis.app/market/3240
3241,Militia Cuirass,Datenshi Yohane,8119,1,2024-01-11T00:32:09.000Z,https://universalis.app/market/3241
3242,Militia Harness,Logan Fox,10525,1,2024-01-21T21:49:12.000Z,https://universalis.app/market/3242
3243,Mosshorn Scale Mail,Sol Tenebris,7994,1,2024-01-11T11:39:50.000Z,https://universalis.app/market/3243
5437,Mossy Horn,Exandrya Skyee,500,4,2024-01-21T02:54:56.000Z,https://universalis.app/market/5437
3244,Dodore Doublet,Joshy Kinz,75000,1,2024-01-09T19:38:20.000Z,https://universalis.app/market/3244
5286,Dodore Leather,Momiji Hikaru,3000,2,2024-01-20T21:02:14.000Z,https://universalis.app/market/5286
3249,Imperial Operative Dalmatica,Makuma Spiritdancer,908,1,2024-01-18T23:24:07.000Z,https://universalis.app/market/3249
3256,Heavy Darksteel Armor,Tau Kenma,6895,1,2024-01-14T04:34:45.000Z,https://universalis.app/market/3256
5585,Darksteel Breastplate,Bisque Doll,3000,1,2024-01-06T20:35:30.000Z,https://universalis.app/market/5585
3257,Darksteel Haubergeon,Zira Zira,9500,1,2024-01-16T12:07:46.000Z,https://universalis.app/market/3257
5105,Garlean Steel Plate,Astel Aubrenard,100000,4,2024-01-16T21:32:14.000Z,https://universalis.app/market/5105
3258,Gryphonskin Jerkin,Mayuki Asai,7699,1,2023-12-30T20:40:39.000Z,https://universalis.app/market/3258
5290,Coeurl Fur,Ginneagan M'rka,39,3,2024-01-08T18:00:26.000Z,https://universalis.app/market/5290
5581,Gryphonskin Shoulder Guards,Didri Winterset,2100,2,2024-01-01T03:10:30.000Z,https://universalis.app/market/5581
3259,Gryphonskin Tunic,Zira Zira,8000,1,2024-01-16T12:08:07.000Z,https://universalis.app/market/3259
5104,Garlean Steel Joint,Eltsen Euouae,75000,4,2024-01-16T20:56:01.000Z,https://universalis.app/market/5104
3260,Vanya Robe of Casting,Arisu Kaisuri,10000,1,2024-01-14T04:15:57.000Z,https://universalis.app/market/3260
5578,Vanya Silk Robe Lining,Didri Winterset,2194,2,2024-01-01T03:10:04.000Z,https://universalis.app/market/5578
3261,Vanya Robe of Healing,Cybele Gallius,2699,1,2024-01-10T18:17:13.000Z,https://universalis.app/market/3261
3274,Hempen Breeches,Talla Dega,30000,1,2024-01-01T20:34:01.000Z,https://universalis.app/market/3274
3275,Hempen Breeches of Crafting,Junko Jin,800,1,2024-01-19T09:36:54.000Z,https://universalis.app/market/3275
3276,Hempen Shepherd's Slops,Alia Hald,35000,1,2023-12-30T04:54:48.000Z,https://universalis.app/market/3276
3307,Hempen Underpants,Slamaconda Dyer,30000,1,2024-01-19T19:34:24.000Z,https://universalis.app/market/3307
3308,Hempen Pantalettes,Kagome Leonheart,44100000,1,2024-01-06T09:08:14.000Z,https://universalis.app/market/3308
3309,Hempen Chausses,Laqima Azzy,25000,1,2024-01-05T02:04:40.000Z,https://universalis.app/market/3309
3310,Leather Culottes,Vivian Purfact,10000,1,2024-01-02T23:40:13.000Z,https://universalis.app/market/3310
3311,Hempen Sarouel,Meriel Demora,20000,1,2024-01-09T15:03:29.000Z,https://universalis.app/market/3311
3312,Hempen Tights,Azriel Darkstar,25000,1,2024-01-20T22:02:39.000Z,https://universalis.app/market/3312
3313,Hempen Kecks,Emma West,130000000,1,2024-01-12T18:43:40.000Z,https://universalis.app/market/3313
3314,Hempen Gaskins,Kydo Viridis,24999,1,2024-01-06T23:54:34.000Z,https://universalis.app/market/3314
3315,Amateur's Slops,H'rahdi Tia,24000,1,2024-01-12T15:00:48.000Z,https://universalis.app/market/3315
3316,Amateur's Breeches,Ravi Oli,23999,1,2024-01-08T23:56:16.000Z,https://universalis.app/market/3316
3317,Hempen Bottoms,Rosa Lina,20000,1,2024-01-16T12:37:33.000Z,https://universalis.app/market/3317
3318,Hempen Trousers,Rose Merick,24000,1,2024-01-10T17:04:30.000Z,https://universalis.app/market/3318
3319,Hard Leather Subligar,Scrub Doria,8000,1,2024-01-05T02:32:01.000Z,https://universalis.app/market/3319
3320,Striped Cotton Slops,Submarine Steve,4500000,1,2024-01-11T19:44:52.000Z,https://universalis.app/market/3320
