id,name,buyerName,pricePerUnit,quantity,timestamp,universalisUrl
1602,Bronze Bastard Sword,Togi Koku,6000,1,2024-03-31T04:17:18.000Z,https://universalis.app/market/1602
2,Fire Shard,Bellatrix Snow,400,100,2024-03-20T17:40:28.000Z,https://universalis.app/market/2
5,Earth Shard,Toshiro Itadori,175,55,2024-04-06T01:18:16.000Z,https://universalis.app/market/5
5056,Bronze Ingot,Fukudo Daisho,400,41,2024-03-27T07:18:31.000Z,https://universalis.app/market/5056
5361,Maple Lumber,Haru Takayama,1800,1,2024-03-21T00:17:57.000Z,https://universalis.app/market/5361
5432,Bone Chip,Hiso Reno,197,99,2024-03-31T02:05:40.000Z,https://universalis.app/market/5432
1603,Viking Sword,Rajin Belmont,14980,1,2024-04-12T19:45:36.000Z,https://universalis.app/market/1603
5275,Leather,War-born Ymiri,120,1,2024-04-14T05:12:15.000Z,https://universalis.app/market/5275
1604,Ash Macuahuitl,Kung Fu,506,1,2024-04-08T22:05:26.000Z,https://universalis.app/market/1604
3,Ice Shard,Jagannath Dragonheart,150,100,2024-04-04T21:23:29.000Z,https://universalis.app/market/3
4,Wind Shard,Rosetta Linne,175,55,2024-04-01T04:45:18.000Z,https://universalis.app/market/4
5124,Obsidian,Skyla Brightmore,51,99,2024-03-27T23:08:37.000Z,https://universalis.app/market/5124
5364,Ash Lumber,Eligius Valdemyr,1000,1,2024-04-07T00:39:47.000Z,https://universalis.app/market/5364
1605,Bronze Spatha,Alynde Cirha,12000,1,2024-04-05T22:48:27.000Z,https://universalis.app/market/1605
5276,Hard Leather,Aura Shinbu,400,2,2024-04-06T23:35:00.000Z,https://universalis.app/market/5276
5434,Ram Horn,Aria Star,900000,1,2024-04-15T12:57:14.000Z,https://universalis.app/market/5434
1607,Brass Bastard Sword,Liam Lyse,10000,1,2024-03-31T03:01:53.000Z,https://universalis.app/market/1607
5063,Brass Ingot,Aureole Adora-vivos,2000,1,2024-03-31T17:19:16.000Z,https://universalis.app/market/5063
1609,Brass Viking Sword,Autumn Strawberry,5000,1,2024-03-28T01:03:59.000Z,https://universalis.app/market/1609
5277,Aldgoat Leather,Yuki Hart,30000,25,2024-04-06T17:24:50.000Z,https://universalis.app/market/5277
1611,Carnage Sword,Porcelain Heart,1599,1,2024-04-09T15:39:26.000Z,https://universalis.app/market/1611
1614,Iron Shortsword,Th'reftis Hyalenos,1595,1,2024-04-10T09:21:14.000Z,https://universalis.app/market/1614
5057,Iron Ingot,Naruto Vowels,5000,8,2024-03-28T00:53:03.000Z,https://universalis.app/market/5057
5367,Elm Lumber,Haru Takayama,9000,9,2024-03-21T01:18:19.000Z,https://universalis.app/market/5367
1622,Iron Spatha,Hoshi Machi,800,1,2024-03-19T21:45:05.000Z,https://universalis.app/market/1622
5435,Antelope Horn,Hiso Reno,2000,10,2024-03-28T00:23:03.000Z,https://universalis.app/market/5435
1625,Steel Broadsword,Enoch Sol,29999,1,2024-04-08T22:08:27.000Z,https://universalis.app/market/1625
5058,Steel Ingot,Yvahni Koda,9000,5,2024-04-15T00:57:42.000Z,https://universalis.app/market/5058
5371,Walnut Lumber,Autumn Drake,4999,5,2024-04-12T16:17:04.000Z,https://universalis.app/market/5371
5444,Wolf Fang,Jeffrey Sinclair,1000000,1,2024-03-27T20:06:42.000Z,https://universalis.app/market/5444
1627,Elm Macuahuitl,Yuki Oda,4568,1,2024-04-06T08:48:32.000Z,https://universalis.app/market/1627
1633,Steel Falchion,Athena Scar,30000,1,2024-04-08T19:22:33.000Z,https://universalis.app/market/1633
5260,Siltstone Whetstone,Gunnar Armstrong,2500,2,2024-04-08T00:26:14.000Z,https://universalis.app/market/5260
1635,Vintage Bastard Sword,Ryder Diemos,15000,1,2024-03-30T05:42:14.000Z,https://universalis.app/market/1635
8,Fire Crystal,Alghu Kagon,99,100,2024-03-24T17:48:00.000Z,https://universalis.app/market/8
1606,Blunt Bastard Sword,Athenwulf Baneblade,9999,1,2024-03-24T02:47:20.000Z,https://universalis.app/market/1606
5259,Mudstone Whetstone,Angel Death,999,11,2024-04-12T04:58:35.000Z,https://universalis.app/market/5259
1637,Walnut Macuahuitl,Kohaku Kurohana,50000,1,2024-03-27T08:35:36.000Z,https://universalis.app/market/1637
5125,Wyvern Obsidian,Xenandorf Avagnar,500,2,2024-04-01T09:04:28.000Z,https://universalis.app/market/5125
1639,Steel Longsword,Akimitsu Myojo,26000,1,2024-04-07T04:49:38.000Z,https://universalis.app/market/1639
5504,Fish Glue,Leo Godwinson,3998,2,2024-04-01T00:15:47.000Z,https://universalis.app/market/5504
1642,Goblin Scimitar,Merriah Kittanh,17499,1,2024-04-04T09:12:39.000Z,https://universalis.app/market/1642
1613,Blunt Goblin Scimitar,Arshens Nei,2000,1,2024-04-03T06:09:19.000Z,https://universalis.app/market/1613
1643,Mythril Broadsword,Kohaku Kurohana,40000,1,2024-03-28T22:22:35.000Z,https://universalis.app/market/1643
5065,Mythril Ingot,Edston Barrows,5000,5,2024-03-30T11:55:15.000Z,https://universalis.app/market/5065
5373,Oak Lumber,Nero Gardiner,5000,5,2024-03-29T04:39:05.000Z,https://universalis.app/market/5373
1648,Vintage Viking Sword,Dawn Archnight,44999,1,2024-03-29T03:15:58.000Z,https://universalis.app/market/1648
11,Earth Crystal,Slime Butter,400,15,2024-03-28T01:03:21.000Z,https://universalis.app/market/11
1616,Nicked Viking Sword,Bumble Bramble,50000,1,2024-03-27T02:57:38.000Z,https://universalis.app/market/1616
1649,Goblin Longsword,Da'triten Sivs,39999,1,2024-04-12T19:38:52.000Z,https://universalis.app/market/1649
1621,Blunt Goblin Longsword,Galin Malin,10500,1,2024-03-21T17:14:01.000Z,https://universalis.app/market/1621
5262,Basilisk Whetstone,Kalzonius Markus,1500,1,2024-04-05T10:20:18.000Z,https://universalis.app/market/5262
1650,Plumed Oak Macuahuitl,Azathiel Claywork,27950,1,2024-03-28T00:43:40.000Z,https://universalis.app/market/1650
5360,Wildfowl Feather,Haku Frostheart,5000,4,2024-03-24T21:58:08.000Z,https://universalis.app/market/5360
1657,Cobalt Katzbalger,Bertram Frey,16000,1,2024-04-09T00:50:33.000Z,https://universalis.app/market/1657
5059,Cobalt Ingot,Elizabeth Hilfiger,2500,10,2024-03-22T08:01:20.000Z,https://universalis.app/market/5059
5066,Electrum Ingot,Noix Foresta,5000,1,2024-03-30T01:41:42.000Z,https://universalis.app/market/5066
5282,Boar Leather,Kana Xiao,10000,1,2024-04-05T20:32:53.000Z,https://universalis.app/market/5282
1659,Cobalt Shamshir,Ne Na,55555,1,2024-03-20T19:05:14.000Z,https://universalis.app/market/1659
5436,Aldgoat Horn,Blu Falcon,1000,1,2024-04-01T02:40:51.000Z,https://universalis.app/market/5436
1663,Cobalt Winglet,Pani Cirha,55555,1,2024-03-21T03:05:57.000Z,https://universalis.app/market/1663
5374,Mahogany Lumber,Michael Cousland,3500,1,2024-03-21T22:19:40.000Z,https://universalis.app/market/5374
5465,Sunrise Tellin,Gwyn Collier,1500,10,2024-03-26T04:40:41.000Z,https://universalis.app/market/5465
5505,Horn Glue,Vii Riis,10000,7,2024-04-15T00:39:58.000Z,https://universalis.app/market/5505
1666,Giantsgall Longsword,Noez We,55000000,1,2024-03-29T20:00:50.000Z,https://universalis.app/market/1666
18,Lightning Cluster,Leili Kouris,998,100,2024-04-03T14:47:36.000Z,https://universalis.app/market/18
19,Water Cluster,Coach Senpai,989,100,2024-04-08T03:01:16.000Z,https://universalis.app/market/19
7620,Diluted Vitriol,Teiras Cole,2500,7,2024-03-29T12:54:01.000Z,https://universalis.app/market/7620
1670,Aeolian Scimitar,Craze Foods,79979,1,2024-04-08T13:49:09.000Z,https://universalis.app/market/1670
1636,Blunt Aeolian Scimitar,Aya Avacyn,1000,1,2024-03-27T04:05:14.000Z,https://universalis.app/market/1636
5061,Darksteel Nugget,Chiib Tyantu,5000,2,2024-03-19T18:58:35.000Z,https://universalis.app/market/5061
1673,Mailbreaker,Anya Dawnblade,8500,1,2024-03-22T05:51:22.000Z,https://universalis.app/market/1673
14,Fire Cluster,Alistair Siegfried,2000,2,2024-03-20T05:03:43.000Z,https://universalis.app/market/14
17,Earth Cluster,Dusk Umbra,395,100,2024-03-19T17:11:15.000Z,https://universalis.app/market/17
5068,Rose Gold Nugget,Reis Leone,6002,1,2024-03-21T20:28:03.000Z,https://universalis.app/market/5068
5288,Hippogryph Leather,Shakal Draconis,4500,1,2024-03-28T11:36:05.000Z,https://universalis.app/market/5288
5570,Mailbreaker Blade,Lexii Banhmi,2888,1,2024-03-25T02:24:47.000Z,https://universalis.app/market/5570
1681,Bone Hora,Asuna'' Yuuki,19750,1,2024-03-21T06:06:39.000Z,https://universalis.app/market/1681
5318,Animal Sinew,Raven Deraj,3000000,1,2024-04-01T04:09:45.000Z,https://universalis.app/market/5318
1682,Leather Himantes,Van Haigood,10000,1,2024-04-11T04:07:26.000Z,https://universalis.app/market/1682
5324,Undyed Hempen Cloth,Rukia Himejima,497,37,2024-03-19T21:47:13.000Z,https://universalis.app/market/5324
1683,Ramhorn Claws,Miana Himeko,5000,1,2024-04-01T00:49:54.000Z,https://universalis.app/market/1683
1684,Bronze Knuckles,Tuazon Thedon,7000,1,2024-04-07T21:41:58.000Z,https://universalis.app/market/1684
1685,Hard Leather Himantes,Rajin Belmont,1000,1,2024-04-13T16:34:03.000Z,https://universalis.app/market/1685
1686,Brass Knuckles,Kayla Lykke,1616,1,2024-04-02T20:05:56.000Z,https://universalis.app/market/1686
1688,Goatskin Cesti,Enrei Rehw,10000,1,2024-03-30T19:19:57.000Z,https://universalis.app/market/1688
5319,Beast Sinew,Khita Neqhota,1000,1,2024-04-11T02:36:53.000Z,https://universalis.app/market/5319
1694,Spiked Knuckles,Jinx Meliora,5000,1,2024-03-30T07:20:30.000Z,https://universalis.app/market/1694
5072,Iron Plate,Karasu Gremory,1740,1,2024-03-31T23:49:40.000Z,https://universalis.app/market/5072
1697,Toadskin Cesti,Yuki Oda,21000,1,2024-03-26T08:42:00.000Z,https://universalis.app/market/1697
5280,Toad Leather,Ishtar Anastasia,5000,1,2024-04-13T03:15:55.000Z,https://universalis.app/market/5280
5320,Diremite Sinew,Myi' Ke,1250,1,2024-03-31T04:13:10.000Z,https://universalis.app/market/5320
1699,Steel Claws,Skyla Brightmore,8000,1,2024-03-28T21:02:24.000Z,https://universalis.app/market/1699
5073,Steel Plate,Tio Tot,1500,1,2024-03-21T01:42:36.000Z,https://universalis.app/market/5073
1706,Crabshell Hora,Eve Hawkslight,35000,1,2024-03-20T12:19:22.000Z,https://universalis.app/market/1706
5321,Hippogryph Sinew,Dino Guerrero,600,10,2024-04-10T07:42:15.000Z,https://universalis.app/market/5321
5456,Green Megalocrab Shell,Ranulf Brooks,500,2,2024-04-04T03:19:05.000Z,https://universalis.app/market/5456
1708,Boarskin Himantes,Col Palmeri,10000,1,2024-04-10T23:18:13.000Z,https://universalis.app/market/1708
1711,Mythril Claws,Skyla Brightmore,20000,1,2024-04-01T20:23:08.000Z,https://universalis.app/market/1711
5079,Mythril Plate,Aly Non,9995,4,2024-03-25T11:01:47.000Z,https://universalis.app/market/5079
1716,Tortoiseshell Hora,Sven Gunter,12999,1,2024-04-11T07:56:58.000Z,https://universalis.app/market/1716
5322,Raptor Sinew,Orwen Ko'orah,2022,4,2024-04-05T03:18:18.000Z,https://universalis.app/market/5322
5458,Adamantoise Shell,Mathias Jaevyn,940,1,2024-03-25T23:24:31.000Z,https://universalis.app/market/5458
1723,Cobalt Knuckles,Skyleth Dragonblade,39000,1,2024-04-09T23:39:19.000Z,https://universalis.app/market/1723
1728,Peisteskin Cesti,Claire Kogane,5000,1,2024-04-03T09:04:13.000Z,https://universalis.app/market/1728
5284,Peiste Leather,Amy Laracyn,1002,1,2024-03-29T23:16:00.000Z,https://universalis.app/market/5284
1732,Vintage Hora,Tuazon Thedon,45000,1,2024-04-09T02:28:02.000Z,https://universalis.app/market/1732
1701,Chipped Hora,Alden Ise,1900,1,2024-04-01T03:34:37.000Z,https://universalis.app/market/1701
5285,Raptor Leather,Aoi Hasegawa,2000,1,2024-03-25T15:42:35.000Z,https://universalis.app/market/5285
1733,Cobalt Claws,Towering Sapphire,38500,1,2024-03-24T20:19:08.000Z,https://universalis.app/market/1733
5074,Cobalt Plate,Waifu Reclaimer,3000,2,2024-03-30T15:05:01.000Z,https://universalis.app/market/5074
1736,Giantsgall Claws,Vinnitrist Faeimage,3499,1,2024-03-29T06:21:01.000Z,https://universalis.app/market/1736
1740,Wildling's Cesti,Gahryk Hollowfang,59900,1,2024-03-23T01:15:42.000Z,https://universalis.app/market/1740
10,Wind Crystal,Lilymarie Bean,998,200,2024-03-24T21:09:34.000Z,https://universalis.app/market/10
5567,Bloody Cesti Covers,Methis Rend,2100,1,2024-03-23T14:18:33.000Z,https://universalis.app/market/5567
1743,Avengers,Khulan Ikires,3950,1,2024-03-31T10:08:03.000Z,https://universalis.app/market/1743
5378,Spruce Lumber,Maegan Motrix,10000,1,2024-04-07T00:14:16.000Z,https://universalis.app/market/5378
5571,Avenger Grips,Endra Shorkacat,1499,1,2024-04-11T08:08:02.000Z,https://universalis.app/market/5571
1750,Bronze War Axe,Aluber Kimura,1000,1,2024-04-08T20:31:19.000Z,https://universalis.app/market/1750
1751,Bronze Labrys,Karasyn Malice,1500,1,2024-04-05T00:44:23.000Z,https://universalis.app/market/1751
1752,Cloud Axe,Arauko Kazoo,900,1,2024-03-21T02:15:13.000Z,https://universalis.app/market/1752
1753,Spiked Bronze Labrys,Vanitas Xiii,24000,1,2024-03-31T09:19:41.000Z,https://universalis.app/market/1753
1754,Iron War Axe,Sekka Naeuri,2013,1,2024-03-22T01:02:02.000Z,https://universalis.app/market/1754
1756,Iron Labrys,Aki Himako,9000,1,2024-03-31T11:41:28.000Z,https://universalis.app/market/1756
1758,Inferno Axe,Vanitas Xiii,6999,1,2024-04-06T06:42:42.000Z,https://universalis.app/market/1758
1764,Iron Bill,Kagome Leonheart,1100,1,2024-04-05T00:39:46.000Z,https://universalis.app/market/1764
4856,Clove Oil,Falloh Witte,500,1,2024-03-28T03:23:52.000Z,https://universalis.app/market/4856
5368,Yew Lumber,Kong Wen,5000,2,2024-03-20T17:11:25.000Z,https://universalis.app/market/5368
1766,Thunderstorm Axe,Atlas Ashbourne,200,1,2024-03-20T21:43:26.000Z,https://universalis.app/market/1766
5064,Silver Ingot,Deydrelithel Song,250000,2,2024-03-21T01:38:29.000Z,https://universalis.app/market/5064
1769,Spiked Steel Labrys,Amy Laracyn,6000,1,2024-03-23T03:43:07.000Z,https://universalis.app/market/1769
1776,Steel Bardiche,Rexx Xerxes,25000,1,2024-04-08T09:25:21.000Z,https://universalis.app/market/1776
5405,Yew Branch,Boo Gdn,410,6,2024-03-31T12:17:30.000Z,https://universalis.app/market/5405
1778,Steel Bhuj,Forgetful Shadow,58999,1,2024-04-02T11:29:36.000Z,https://universalis.app/market/1778
1781,Spiked Mythril Labrys,Lost Mans,45000,1,2024-03-21T13:53:38.000Z,https://universalis.app/market/1781
1786,Mythril Bhuj,Kazhira Amiabant,35000,1,2024-03-30T15:15:18.000Z,https://universalis.app/market/1786
1796,Buccaneer's Bardiche,Hanekawa Kett,55555,1,2024-03-21T18:17:21.000Z,https://universalis.app/market/1796
5414,Rosewood Branch,Eclipse Vinux,1000,10,2024-04-10T02:28:13.000Z,https://universalis.app/market/5414
1800,Vintage Bill,Sweet Devil,20000,1,2024-04-06T01:52:20.000Z,https://universalis.app/market/1800
1771,Notched Bill,Nirici Icirin,5080,1,2024-03-24T06:25:17.000Z,https://universalis.app/market/1771
1801,Demilune Bhuj,Derpy Fool,15000,1,2024-04-04T00:17:38.000Z,https://universalis.app/market/1801
5196,Jadeite,Eldrin Mazer,3000,3,2024-04-01T19:56:43.000Z,https://universalis.app/market/5196
1803,Spiked Cobalt Labrys,Kerry Anne,30000,1,2024-03-25T13:14:23.000Z,https://universalis.app/market/1803
5376,Rosewood Lumber,Satomi Tomoe,4000,10,2024-03-26T00:31:29.000Z,https://universalis.app/market/5376
1806,Giantsgall War Axe,Sir Purrsalot,7975,1,2024-03-28T03:02:22.000Z,https://universalis.app/market/1806
1810,Barbarian's Bardiche,Orange Acid,89879,1,2024-04-07T21:25:08.000Z,https://universalis.app/market/1810
5566,Bloody Bardiche Head,Ahri Mako,1968,1,2024-04-14T06:09:53.000Z,https://universalis.app/market/5566
1813,Rampager,Sterrbryda Toegwyb,11165,1,2024-04-08T10:24:03.000Z,https://universalis.app/market/1813
5075,Darksteel Plate,Sunrise Lockhart,5000,20,2024-04-01T20:27:44.000Z,https://universalis.app/market/5075
5572,Rampager Head,Didrianna Winterset,2000,2,2024-04-13T00:15:23.000Z,https://universalis.app/market/5572
1820,Bone Harpoon,Khalit Ugunda,5005,1,2024-04-11T00:15:02.000Z,https://universalis.app/market/1820
5503,Animal Glue,Astarion Tavsan,1000,2,2024-04-06T15:34:18.000Z,https://universalis.app/market/5503
1821,Bronze Spear,Seymour Darkness,1006,1,2024-04-08T03:05:00.000Z,https://universalis.app/market/1821
5482,Fish Oil,Rajin Belmont,3000,1,2024-04-12T19:39:26.000Z,https://universalis.app/market/5482
1822,Ramhorn Harpoon,Sirrion Dragonfang,25000,1,2024-04-11T00:30:58.000Z,https://universalis.app/market/1822
1823,Feathered Harpoon,Achaia Ai,4950,1,2024-03-25T00:51:12.000Z,https://universalis.app/market/1823
5352,Crow Feather,Rod Dragneel,900,20,2024-03-22T20:30:38.000Z,https://universalis.app/market/5352
5433,Soiled Femur,Hiso Reno,150,98,2024-03-27T23:42:42.000Z,https://universalis.app/market/5433
1824,Brass Spear,Tech Gawd,995,1,2024-03-30T03:41:42.000Z,https://universalis.app/market/1824
1825,Iron Spear,Koko Yum,1500,1,2024-04-14T20:30:42.000Z,https://universalis.app/market/1825
1827,Iron Lance,Tech Gawd,6999,1,2024-03-30T04:32:00.000Z,https://universalis.app/market/1827
1833,Iron Guisarme,Yuki Oda,14000,1,2024-04-14T10:38:50.000Z,https://universalis.app/market/1833
1836,Silver Battle Fork,Valgrim Nightbane,7500,1,2024-03-24T21:05:20.000Z,https://universalis.app/market/1836
5484,Crab Oil,Miztress Kitty,15552,2,2024-04-03T03:51:47.000Z,https://universalis.app/market/5484
1838,Steel Halberd,Tsugumi Abumin,9000,1,2024-04-12T22:02:43.000Z,https://universalis.app/market/1838
1845,Steel Spear,Forgetful Shadow,20000,1,2024-03-24T05:13:03.000Z,https://universalis.app/market/1845
1847,Heavy Steel Lance,Tiana Mierqid,15000,1,2024-04-05T01:54:11.000Z,https://universalis.app/market/1847
1850,Yarzonshell Harpoon,Alex Era,40000,1,2024-03-20T23:56:58.000Z,https://universalis.app/market/1850
5454,Yellow Yarzon Leg,King Azereth,800,7,2024-03-22T14:41:27.000Z,https://universalis.app/market/5454
1855,Mythril Lance,Dion Windswift,20000,1,2024-04-01T02:28:32.000Z,https://universalis.app/market/1855
1862,Cobalt Halberd,Ice Qx,40092,1,2024-03-19T22:17:06.000Z,https://universalis.app/market/1862
1867,Cobalt Trident,Bexi Cogpocket,30000,1,2024-04-06T02:09:22.000Z,https://universalis.app/market/1867
5486,Shark Oil,Trollando Rude,10000,10,2024-04-02T01:30:26.000Z,https://universalis.app/market/5486
1871,Vintage Guisarme,Sephira Sol,9995,1,2024-04-02T00:37:01.000Z,https://universalis.app/market/1871
9,Ice Crystal,Lilymarie Bean,3000,88,2024-03-24T21:09:04.000Z,https://universalis.app/market/9
1840,Crooked Guisarme,Ithiluin Awandal,3000,1,2024-03-31T03:03:34.000Z,https://universalis.app/market/1840
1872,Hart Guisarme,Forgetful Shadow,24600,1,2024-04-08T00:57:40.000Z,https://universalis.app/market/1872
1875,Giantsgall Trident,Bjorn Golmarr,6475,1,2024-04-07T12:54:21.000Z,https://universalis.app/market/1875
1879,Champion's Lance,Drenn Kvas,99900,1,2024-03-30T23:55:18.000Z,https://universalis.app/market/1879
5565,Bloody Lance Head,H'rahdi Tia,125076,1,2024-03-28T20:54:47.000Z,https://universalis.app/market/5565
1882,Obelisk,Cali Purrito,10165,1,2024-03-23T03:36:55.000Z,https://universalis.app/market/1882
5573,Obelisk Head,Endra Shorkacat,1699,2,2024-03-20T10:09:18.000Z,https://universalis.app/market/5573
1891,Maple Shortbow,Khalit Ugunda,3005,1,2024-04-09T23:05:05.000Z,https://universalis.app/market/1891
5333,Hempen Yarn,Myi' Ke,400,2,2024-04-09T05:51:55.000Z,https://universalis.app/market/5333
1892,Maple Longbow,Shizuku Kitamura,3006,1,2024-04-07T20:51:02.000Z,https://universalis.app/market/1892
5396,Maple Branch,Kayla Lykke,95,5,2024-03-25T21:55:58.000Z,https://universalis.app/market/5396
1893,Plumed Maple Shortbow,Michiko Matsuna,800,1,2024-03-27T23:43:29.000Z,https://universalis.app/market/1893
5351,Cock Feather,Acorn Breaker,39,1,2024-03-23T14:10:39.000Z,https://universalis.app/market/5351
1894,Wrapped Maple Longbow,Charlie Doom,1010,1,2024-03-25T21:21:16.000Z,https://universalis.app/market/1894
5402,Ash Branch,One Reborn,1200,20,2024-03-24T22:39:11.000Z,https://universalis.app/market/5402
1895,Ash Shortbow,Kayla Lykke,5000,1,2024-04-01T21:32:04.000Z,https://universalis.app/market/1895
1897,Elm Longbow,Sparkles Stormchaser,16000,1,2024-03-22T02:45:44.000Z,https://universalis.app/market/1897
5334,Cotton Yarn,Autumn Drake,500,5,2024-03-21T20:53:41.000Z,https://universalis.app/market/5334
1899,Elm Velocity Bow,Chiull Malqir,10000,1,2024-03-30T08:05:33.000Z,https://universalis.app/market/1899
1905,Wrapped Elm Longbow,Lambert Feld,5000,1,2024-03-29T22:10:48.000Z,https://universalis.app/market/1905
1908,Ash Composite Bow,Rydia Ferocity,22000,1,2024-04-01T19:10:29.000Z,https://universalis.app/market/1908
1915,Ash Cavalry Bow,Ice Qx,40000,1,2024-03-19T21:28:35.000Z,https://universalis.app/market/1915
5409,Oak Branch,Byhleb Katsch,500,10,2024-03-27T07:11:28.000Z,https://universalis.app/market/5409
1917,Oak Longbow,Mem Donostein,55554,1,2024-03-30T00:12:17.000Z,https://universalis.app/market/1917
5336,Linen Yarn,Alina Drajeel,2489,46,2024-04-07T22:32:59.000Z,https://universalis.app/market/5336
1920,Mythril Cavalry Bow,Lost Mans,50000,1,2024-03-22T01:54:57.000Z,https://universalis.app/market/1920
1925,Oak Composite Bow,Bigbossdbz Ultima,55555,1,2024-03-24T14:54:16.000Z,https://universalis.app/market/1925
1932,Cobalt Cavalry Bow,Moist Bungus,21000,1,2024-03-27T20:15:31.000Z,https://universalis.app/market/1932
1937,Yew Longbow,Azele Eunos,48903,1,2024-04-09T04:23:43.000Z,https://universalis.app/market/1937
1941,Vintage Bow,Ori Yora,9995,1,2024-03-28T03:49:31.000Z,https://universalis.app/market/1941
1910,Warped Bow,One Reborn,15000,1,2024-03-25T00:01:14.000Z,https://universalis.app/market/1910
1942,Crab Bow,Yui Soni,50000,1,2024-04-09T14:23:17.000Z,https://universalis.app/market/1942
5462,Red Coral,Albermo Nusal,5000,3,2024-03-23T01:42:47.000Z,https://universalis.app/market/5462
1945,Giantsgall Longbow,Hy'lia Yuei,2165,1,2024-03-26T20:18:44.000Z,https://universalis.app/market/1945
1949,Longarm's Composite Bow,Lil Missdvs,62900,1,2024-03-27T15:14:38.000Z,https://universalis.app/market/1949
5568,Bloody Bow Rim,Lianhua Skyreach,2500,1,2024-04-12T17:03:47.000Z,https://universalis.app/market/5568
1953,Sarnga,Aedwen Hunt,4998,1,2024-03-31T05:38:08.000Z,https://universalis.app/market/1953
15,Ice Cluster,Lexii Banhmi,1000,7,2024-03-25T01:05:49.000Z,https://universalis.app/market/15
16,Wind Cluster,Posty Maloney,898,100,2024-04-14T00:44:31.000Z,https://universalis.app/market/16
5574,Sarnga Limb,Endra Shorkacat,2287,2,2024-04-06T03:39:38.000Z,https://universalis.app/market/5574
1958,Maple Wand,Zero Silvermile,600000,1,2024-04-07T06:23:58.000Z,https://universalis.app/market/1958
6,Lightning Shard,Kiyan Felonvoid,175,55,2024-03-28T00:19:53.000Z,https://universalis.app/market/6
7,Water Shard,Hoikell Le'kioh,175,55,2024-04-02T21:40:45.000Z,https://universalis.app/market/7
5470,Growth Formula Alpha,Kayla Lykke,1499,3,2024-03-25T23:33:28.000Z,https://universalis.app/market/5470
1959,Whispering Maple Wand,Tiny Mom,9999,1,2024-04-01T22:56:00.000Z,https://universalis.app/market/1959
1960,Budding Maple Wand,Tabius Korinthos,14995,1,2024-03-20T15:39:05.000Z,https://universalis.app/market/1960
5492,Beastkin Blood,Ms Eldari,700,7,2024-03-30T03:21:38.000Z,https://universalis.app/market/5492
1961,Ash Wand,Esther Keshet,14000,1,2024-04-08T09:04:35.000Z,https://universalis.app/market/1961
5471,Growth Formula Beta,Syeira Strongshield,2500,1,2024-03-21T01:36:57.000Z,https://universalis.app/market/5471
1963,Budding Ash Wand,Melrit Brave,10000,1,2024-04-05T21:51:48.000Z,https://universalis.app/market/1963
1965,Whispering Ash Wand,Kikyo Tosho,10000,1,2024-04-03T19:19:21.000Z,https://universalis.app/market/1965
5493,Scalekin Blood,Big Tunk,1200,7,2024-03-31T22:57:49.000Z,https://universalis.app/market/5493
1967,Yew Wand,Zero Silvermile,200000,1,2024-04-06T15:51:06.000Z,https://universalis.app/market/1967
1969,Budding Yew Wand,Skyla Brightmore,3990,1,2024-03-30T21:02:17.000Z,https://universalis.app/market/1969
1971,Budding Oak Wand,Ice Crystal,25000,1,2024-04-05T18:27:02.000Z,https://universalis.app/market/1971
4603,Hi-Potion of Mind,Jeranis Liran,2221,3,2024-04-03T04:35:31.000Z,https://universalis.app/market/4603
1974,Wand of Frost,Pauline Levista,50000,1,2024-03-22T23:20:58.000Z,https://universalis.app/market/1974
5199,Eye of Ice,Tio Tot,602,1,2024-04-01T07:54:32.000Z,https://universalis.app/market/5199
5472,Growth Formula Gamma,Boo Gdn,8000,1,2024-04-11T13:23:37.000Z,https://universalis.app/market/5472
1976,Wand of Tremors,Skyla Brightmore,30000,1,2024-04-04T22:28:53.000Z,https://universalis.app/market/1976
5201,Eye of Earth,Kiyan Felonvoid,3002,2,2024-03-28T13:05:10.000Z,https://universalis.app/market/5201
1978,Wand of Tides,Spine Grinder,42000,1,2024-03-28T21:50:45.000Z,https://universalis.app/market/1978
5203,Eye of Water,Terrace De'tusk,500,1,2024-04-04T05:58:02.000Z,https://universalis.app/market/5203
1981,Wand of Flames,Pal Viking,4995,1,2024-03-23T19:32:05.000Z,https://universalis.app/market/1981
5198,Eye of Fire,Krim Drakos,22000,1,2024-03-19T17:05:00.000Z,https://universalis.app/market/5198
1983,Wand of Gales,Billie Dylus,10000,1,2024-04-01T01:23:20.000Z,https://universalis.app/market/1983
5200,Eye of Wind,Azena Hatasashi,600,1,2024-03-27T21:21:07.000Z,https://universalis.app/market/5200
1985,Wand of Storms,Yukkiko Amagi,1000,1,2024-03-26T10:13:21.000Z,https://universalis.app/market/1985
5202,Eye of Lightning,Terrace De'tusk,420,1,2024-04-04T05:56:11.000Z,https://universalis.app/market/5202
1987,Budding Rosewood Wand,Nam Senpai,55084,1,2024-03-22T04:59:42.000Z,https://universalis.app/market/1987
4608,Mega-Potion of Mind,David Plaine,16000,2,2024-03-24T07:01:21.000Z,https://universalis.app/market/4608
5494,Spoken Blood,Vii Riis,10000,2,2024-04-15T00:53:54.000Z,https://universalis.app/market/5494
1996,Maple Cane,S'kiya Yoru,1004,1,2024-03-22T22:03:03.000Z,https://universalis.app/market/1996
1997,Maple Crook,Kung Fu,308,1,2024-04-07T23:27:55.000Z,https://universalis.app/market/1997
1998,Ash Radical,Rosa Ulfhild,2000,1,2024-03-19T20:29:49.000Z,https://universalis.app/market/1998
2000,Elm Cane,Robin Ironcrusher,4900,1,2024-03-31T16:41:54.000Z,https://universalis.app/market/2000
2002,Elm Crook,Naorika Elvania,450,1,2024-04-07T22:07:59.000Z,https://universalis.app/market/2002
2004,Yew Radical,Carman Caelum,8000,1,2024-04-05T23:41:53.000Z,https://universalis.app/market/2004
2010,Pastoral Yew Cane,Azazel Blaze,2499,1,2024-04-01T01:14:24.000Z,https://universalis.app/market/2010
2011,Yew Crook,Azazel Blaze,4780,1,2024-04-01T10:31:50.000Z,https://universalis.app/market/2011
2015,Walnut Cane,Muzzle Drool,22000,1,2024-04-14T07:30:18.000Z,https://universalis.app/market/2015
2021,Plumed Yew Crook,Kohaku Kurohana,15000,1,2024-03-22T08:23:08.000Z,https://universalis.app/market/2021
2023,Oak Radical,Skyla Brightmore,25000,1,2024-04-01T20:23:23.000Z,https://universalis.app/market/2023
2026,Pastoral Oak Cane,Jeranis Liran,25000,1,2024-04-03T04:33:17.000Z,https://universalis.app/market/2026
2030,Sprouting Rosewood Radical,Valgrim Nightbane,21000,1,2024-04-07T20:44:24.000Z,https://universalis.app/market/2030
2039,Jade Crook,One Reborn,55555,1,2024-03-24T23:46:38.000Z,https://universalis.app/market/2039
2041,Vintage Cane,Kanibal Klown,18000,1,2024-03-26T23:41:35.000Z,https://universalis.app/market/2041
2014,Splintered Cane,Saltea Feelings,2053,1,2024-03-25T11:02:06.000Z,https://universalis.app/market/2014
2044,Pastoral Mahogany Cane,Nana Ratt,104,1,2024-03-23T04:00:28.000Z,https://universalis.app/market/2044
5335,Dew Thread,Dork Ificus,1379,1,2024-03-30T05:58:40.000Z,https://universalis.app/market/5335
2047,Tane Mahuta,Kohaku Kurohana,28000,1,2024-04-13T12:37:54.000Z,https://universalis.app/market/2047
5555,Ochu Vine,Bouncy Baby,775,1,2024-03-29T04:56:07.000Z,https://universalis.app/market/5555
2048,Giantsgall Cane,Amelia Jhonson,10000,1,2024-03-23T03:57:11.000Z,https://universalis.app/market/2048
2049,Madman's Whispering Rod,Gwyn Collier,87899,1,2024-03-19T16:48:18.000Z,https://universalis.app/market/2049
12,Lightning Crystal,Alistair Siegfried,456,100,2024-04-02T11:40:16.000Z,https://universalis.app/market/12
13,Water Crystal,Irie Yagami,175,55,2024-03-30T20:19:36.000Z,https://universalis.app/market/13
5473,Growth Formula Delta,Andy Ydna,4000,1,2024-03-24T13:28:00.000Z,https://universalis.app/market/5473
5537,Thavnairian Mistletoe,Living Sky,300,20,2024-03-21T19:06:59.000Z,https://universalis.app/market/5537
5547,Vampire Plant,Tutusu Tusu,300,2,2024-03-27T22:22:22.000Z,https://universalis.app/market/5547
2051,Alkalurops,Rosaline Belnades,4000,1,2024-04-06T09:38:47.000Z,https://universalis.app/market/2051
5575,Suspended Trillium Flower,Didrianna Winterset,2000,2,2024-04-12T01:54:14.000Z,https://universalis.app/market/5575
2056,Bone Brand,Osiris Neverwinter,10000,1,2024-03-29T01:53:03.000Z,https://universalis.app/market/2056
5197,Marbled Eye,Luna Chai,222,1,2024-03-29T00:20:38.000Z,https://universalis.app/market/5197
2057,Copper Scepter,Raih'a Elairn,1000,1,2024-04-08T13:59:58.000Z,https://universalis.app/market/2057
5062,Copper Ingot,Pondering Priv,1000,4,2024-04-15T11:09:08.000Z,https://universalis.app/market/5062
2058,Bronze Scepter,Aeyma Yelho,1000,1,2024-04-07T01:33:23.000Z,https://universalis.app/market/2058
2059,Brass Cudgel,Aeyma Yelho,10009,1,2024-04-07T23:52:29.000Z,https://universalis.app/market/2059
2061,Decorated Copper Scepter,Aeyma Yelho,3998,1,2024-04-09T21:16:52.000Z,https://universalis.app/market/2061
5258,Ragstone Whetstone,Elias Ultima,500,3,2024-03-20T02:51:27.000Z,https://universalis.app/market/5258
2063,Wind Brand,Yvette Kaiser,28915,1,2024-03-19T22:27:39.000Z,https://universalis.app/market/2063
2066,Ice Brand,Kali Kalisamhara,4000,1,2024-03-26T19:14:31.000Z,https://universalis.app/market/2066
2069,Silver Scepter,Valloura Morningstar,999,1,2024-04-09T02:42:38.000Z,https://universalis.app/market/2069
5527,Brimstone,Nocette Joulioud,2400,2,2024-04-07T16:21:09.000Z,https://universalis.app/market/5527
2071,Earth Brand,Valgrim Nightbane,20000,1,2024-03-24T21:06:41.000Z,https://universalis.app/market/2071
2078,Fire Brand,Tsuki Kaede,55555,1,2024-03-20T05:15:36.000Z,https://universalis.app/market/2078
2083,Lightning Brand,Kaigara Sakamoto,3000,1,2024-04-01T03:31:28.000Z,https://universalis.app/market/2083
2088,Electrum Scepter,Serenoa Lunaris,5000,1,2024-04-01T04:39:56.000Z,https://universalis.app/market/2088
5489,Quicksilver,Big Tunk,2000,1,2024-04-11T01:08:48.000Z,https://universalis.app/market/5489
2093,Vintage Cudgel,Sakura Aino,9999,1,2024-03-28T15:01:43.000Z,https://universalis.app/market/2093
5092,Iron Rivets,Lucian Lycangard,1999,99,2024-04-09T18:14:55.000Z,https://universalis.app/market/5092
2094,Water Brand,Risa Parsnip,5000,1,2024-03-29T07:28:15.000Z,https://universalis.app/market/2094
2097,Jade Scepter,Chorus Hoshi,4000,1,2024-03-23T02:38:49.000Z,https://universalis.app/market/2097
5168,Jade,Oro Borus,500,5,2024-03-20T06:57:13.000Z,https://universalis.app/market/5168
5439,Ogre Horn,Cohan Holigard,55,20,2024-04-09T16:59:43.000Z,https://universalis.app/market/5439
2102,Sanguine Scepter,Ujin Horo,145000,1,2024-03-28T15:17:41.000Z,https://universalis.app/market/2102
5206,Pinprick Pebble,Moebius Regis,3000,1,2024-03-24T13:28:03.000Z,https://universalis.app/market/5206
2106,Bone Staff,Tsugumi Abumin,2000,1,2024-04-02T23:10:09.000Z,https://universalis.app/market/2106
2107,Ramhorn Staff,J'nasshym Lufkin,3500,1,2024-03-23T06:40:35.000Z,https://universalis.app/market/2107
2108,Decorated Bone Staff,Gwell Moko,582,1,2024-03-31T23:46:27.000Z,https://universalis.app/market/2108
5442,Bat Fang,Hiso Reno,161,99,2024-03-31T02:37:52.000Z,https://universalis.app/market/5442
2109,Toothed Ramhorn Staff,Alaria Hyskaris,1050,1,2024-04-05T21:58:38.000Z,https://universalis.app/market/2109
2111,Staghorn Staff,Luna Clefaria,30001,1,2024-03-29T22:39:51.000Z,https://universalis.app/market/2111
2116,Sanguine Horn Staff,Goon Thug,990,1,2024-04-03T01:50:38.000Z,https://universalis.app/market/2116
2118,Toothed Staghorn Staff,Mint Aether,14000,1,2024-03-31T18:06:45.000Z,https://universalis.app/market/2118
2121,Goathorn Staff,Karkov Vexev,3999,1,2024-03-28T11:02:44.000Z,https://universalis.app/market/2121
2123,Toothed Goathorn Staff,Khan Delger,15056,1,2024-04-03T21:31:26.000Z,https://universalis.app/market/2123
2125,Horn Staff,Kali Virac,54444,1,2024-04-15T08:40:25.000Z,https://universalis.app/market/2125
2130,Black Horn Staff,Jasmine Shafto,4089,1,2024-04-10T01:25:18.000Z,https://universalis.app/market/2130
2133,Ivory Staff,Exodus Calibur,20000,1,2024-03-29T12:37:11.000Z,https://universalis.app/market/2133
2136,Giantsgall Longstaff,Mide Angura,6990,1,2024-03-21T15:44:53.000Z,https://universalis.app/market/2136
2139,Astrolabe,Reugen Majano,3398,1,2024-03-20T19:39:56.000Z,https://universalis.app/market/2139
5576,Astrolabe Clinometer,Didrianna Winterset,1424,2,2024-04-12T01:54:27.000Z,https://universalis.app/market/5576
2143,Leather Grimoire,Derutora Anon,9999,1,2024-03-22T21:05:28.000Z,https://universalis.app/market/2143
5380,Maple Log,Pepper Roux,200,11,2024-04-15T02:51:51.000Z,https://universalis.app/market/5380
5475,Enchanted Copper Ink,Akari Vivi,2000,2,2024-04-08T02:03:15.000Z,https://universalis.app/market/5475
2144,Maple Picatrix,Aza Ryael,5000,1,2024-04-02T23:10:09.000Z,https://universalis.app/market/2144
2145,Engraved Leather Grimoire,Bad Guy,7000,1,2024-04-08T03:00:27.000Z,https://universalis.app/market/2145
5383,Ash Log,Talis Foerunner,900000,1,2024-03-23T14:53:34.000Z,https://universalis.app/market/5383
2146,Ash Picatrix,Alexandra Kedves,2100,1,2024-03-31T22:44:50.000Z,https://universalis.app/market/2146
2147,Hard Leather Grimoire,Kurt Freehold,29011,1,2024-03-23T22:13:04.000Z,https://universalis.app/market/2147
5385,Elm Log,Sarinthia Em,1100,19,2024-04-14T11:40:08.000Z,https://universalis.app/market/5385
5476,Enchanted Iron Ink,Makino Yuki,1499,1,2024-03-19T10:31:05.000Z,https://universalis.app/market/5476
2149,Engraved Hard Leather Grimoire,Gwyndolin Darkmoonn,20000,1,2024-04-04T03:44:28.000Z,https://universalis.app/market/2149
5386,Yew Log,Candy Sugarush,500,40,2024-03-28T00:14:30.000Z,https://universalis.app/market/5386
2151,Yew Picatrix,Carman Caelum,10000,1,2024-04-06T00:05:48.000Z,https://universalis.app/market/2151
2156,Goatskin Grimoire,Rosa Joanna-farrell,30035,1,2024-03-24T08:56:15.000Z,https://universalis.app/market/2156
5477,Enchanted Silver Ink,Frobel Zontornum,5250,1,2024-03-22T19:48:26.000Z,https://universalis.app/market/5477
2160,Engraved Goatskin Grimoire,Valgrim Nightbane,2000,1,2024-03-26T20:44:02.000Z,https://universalis.app/market/2160
5388,Walnut Log,Felipe Moises,501,2,2024-04-10T19:45:30.000Z,https://universalis.app/market/5388
2166,Book of Silver,Kohaku Kurohana,10062,1,2024-04-03T08:32:32.000Z,https://universalis.app/market/2166
5390,Oak Log,Zucc Stormbird,499,99,2024-04-02T00:29:19.000Z,https://universalis.app/market/5390
2169,Embossed Book of Silver,Tabius Korinthos,20074,1,2024-03-20T17:50:06.000Z,https://universalis.app/market/2169
2174,Book of Mythril,Y'shtara Meowsong,12000,1,2024-04-02T22:20:39.000Z,https://universalis.app/market/2174
5346,Flax,Oyuun Sagahl,1000,5,2024-03-19T20:17:38.000Z,https://universalis.app/market/5346
5478,Enchanted Mythril Ink,Nyayen Nobura,1500,1,2024-03-28T22:13:20.000Z,https://universalis.app/market/5478
2184,Vintage Picatrix,Ko Fi,50000,1,2024-03-27T16:19:32.000Z,https://universalis.app/market/2184
2185,Book of Electrum,Sun Crowley,25099,1,2024-03-31T17:56:36.000Z,https://universalis.app/market/2185
5337,Woolen Yarn,Smooth Cola,5000,1,2024-03-21T17:35:44.000Z,https://universalis.app/market/5337
5393,Rosewood Log,Haunted Yukime,999,4,2024-04-10T14:47:57.000Z,https://universalis.app/market/5393
5479,Enchanted Electrum Ink,Briar Light,787,1,2024-03-24T22:25:46.000Z,https://universalis.app/market/5479
2189,Embossed Book of Electrum,Sett Tayuun,55000,1,2024-04-04T15:46:37.000Z,https://universalis.app/market/2189
2193,Cantamina Thavnaria,Leanansidhe Rayne,5000,1,2024-04-01T01:29:58.000Z,https://universalis.app/market/2193
5481,Enchanted Rose Gold Ink,Alenia Urumet,89999,1,2024-03-23T19:12:29.000Z,https://universalis.app/market/5481
2194,Medica Thavnaria,Auxea Kirath,3500,1,2024-03-29T00:18:17.000Z,https://universalis.app/market/2194
2201,Erudite's Picatrix of Healing,Rue'lia Brecelle,74899,1,2024-04-12T17:20:14.000Z,https://universalis.app/market/2201
5480,Enchanted Gold Ink,Kvyre Lunaren,3000,1,2024-04-05T18:38:06.000Z,https://universalis.app/market/5480
5569,Bloody Grimoire Binding,Miya Selene,9000,1,2024-04-08T16:28:27.000Z,https://universalis.app/market/5569
2202,Erudite's Picatrix of Casting,Fali'saf Jirakin,85999,1,2024-04-11T00:04:54.000Z,https://universalis.app/market/2202
2211,Deus Ex Verbis,Auxea Kirath,3150,1,2024-03-29T00:14:27.000Z,https://universalis.app/market/2211
5338,Silk Thread,Aliste Silvertail,5000,1,2024-03-28T23:13:39.000Z,https://universalis.app/market/5338
2212,Deus Ex Gratia,Ezra Ingress,7464,1,2024-04-02T21:37:36.000Z,https://universalis.app/market/2212
2219,Square Maple Shield,Missu Tiramissu,2000,1,2024-03-30T19:36:09.000Z,https://universalis.app/market/2219
5091,Bronze Rivets,Xener Ren,2000,3,2024-03-30T17:01:28.000Z,https://universalis.app/market/5091
12524,Titanium Nugget,Hanekawa Kett,10000,2,2024-03-21T19:34:22.000Z,https://universalis.app/market/12524
12529,Titanium Rivets,Starfire Bellator,20000,2,2024-03-19T20:16:56.000Z,https://universalis.app/market/12529
12658,Dusk Leather,Nyanta Shiroe,433420,1,2024-03-23T18:09:28.000Z,https://universalis.app/market/12658
2226,Bronze Hoplon,Brave Sparrow,5000,1,2024-03-27T13:40:08.000Z,https://universalis.app/market/2226
5071,Bronze Plate,Anitamax Wynn,386,33,2024-03-21T19:30:52.000Z,https://universalis.app/market/5071
2228,Round Shield,Gwell Moko,10004,1,2024-03-29T20:46:54.000Z,https://universalis.app/market/2228
2229,Leather Targe,Roro Reine,1000,1,2024-04-05T15:23:21.000Z,https://universalis.app/market/2229
2230,Bronze Scutum,Leo Swiftclaw,4999,1,2024-03-24T21:09:06.000Z,https://universalis.app/market/2230
2231,Bronze Buckler,Cohan Holigard,10000,1,2024-04-05T02:59:13.000Z,https://universalis.app/market/2231
2233,Square Ash Shield,Anwen Shaw,1500000,1,2024-04-14T10:38:27.000Z,https://universalis.app/market/2233
2236,Iron Hoplon,Forgetful Shadow,80000,1,2024-03-23T04:38:59.000Z,https://universalis.app/market/2236
2238,Vintage Square Shield,Kaigara Sakamoto,30000,1,2024-04-01T03:37:14.000Z,https://universalis.app/market/2238
2224,Worm-eaten Square Shield,Ruby Temptress,4000,1,2024-03-23T03:47:48.000Z,https://universalis.app/market/2224
4859,Cider Vinegar,Seph-ka Varia,900,2,2024-03-22T19:26:04.000Z,https://universalis.app/market/4859
2239,Ironclad Bronze Buckler,Yvette Kaiser,5008,1,2024-03-19T22:32:20.000Z,https://universalis.app/market/2239
2241,Iron Lantern Shield,Carman Caelum,4500,1,2024-04-04T22:48:24.000Z,https://universalis.app/market/2241
5998,Tallow Candle,Po Tato',3000,1,2024-03-25T02:56:47.000Z,https://universalis.app/market/5998
2242,Iron Scutum,Valgrim Nightbane,15000,1,2024-03-23T22:11:18.000Z,https://universalis.app/market/2242
2244,Vintage Hoplon,Cosmo Rawbewesfv,10000,1,2024-03-22T02:08:19.000Z,https://universalis.app/market/2244
2246,Viper-crested Round Shield,Ophilia West,3000,1,2024-03-28T01:09:22.000Z,https://universalis.app/market/2246
2248,Iron Kite Shield,Kit'sae Lhefo,72500,1,2024-03-29T17:29:25.000Z,https://universalis.app/market/2248
2250,Goatskin Targe,Dasvi Daniya,20000,1,2024-04-01T18:30:42.000Z,https://universalis.app/market/2250
5093,Steel Rivets,Lucian Lycangard,2999,99,2024-04-09T18:18:35.000Z,https://universalis.app/market/5093
2257,Bull Hoplon,Alt Two,44000,1,2024-03-29T19:10:32.000Z,https://universalis.app/market/2257
2260,Decorated Buckler,Akane Kiyomi,25000,1,2024-04-01T12:40:39.000Z,https://universalis.app/market/2260
2262,Decorated Iron Scutum,Alt Two,29999,1,2024-04-03T18:03:53.000Z,https://universalis.app/market/2262
2264,Vintage Buckler,Z'lele Arda,20000,1,2024-03-23T15:52:24.000Z,https://universalis.app/market/2264
2227,Notched Buckler,Helio Shasta,230,1,2024-03-26T18:46:07.000Z,https://universalis.app/market/2227
2268,Bladed Lantern Shield,Maranda Rayne,27500,1,2024-03-31T23:37:59.000Z,https://universalis.app/market/2268
2270,Raptorskin Targe,Eramus Larkstin,55555,1,2024-03-25T17:07:59.000Z,https://universalis.app/market/2270
5099,Mythril Rivets,Maeve Quixote,4000,1,2024-03-22T01:10:26.000Z,https://universalis.app/market/5099
2278,Vintage Scutum,Ralos Baelfyre,22500,1,2024-03-30T08:49:41.000Z,https://universalis.app/market/2278
2232,Rusting Scutum,Azathiel Claywork,25000,1,2024-03-28T00:42:30.000Z,https://universalis.app/market/2232
2279,Cobalt Scutum,Lost Mans,21500,1,2024-04-06T20:11:10.000Z,https://universalis.app/market/2279
5094,Cobalt Rivets,Kida Mae,5900,2,2024-03-30T21:17:32.000Z,https://universalis.app/market/5094
2287,Eagle-crested Round Shield,Skyla Brightmore,10000,1,2024-04-05T20:10:34.000Z,https://universalis.app/market/2287
2289,Vintage Round Shield,Lost Mans,2500,1,2024-03-28T18:24:52.000Z,https://universalis.app/market/2289
5228,Ragstone,Cig Bhungus,100,40,2024-03-27T22:09:35.000Z,https://universalis.app/market/5228
5517,Lanolin,Reis Leone,1000,2,2024-03-21T20:28:57.000Z,https://universalis.app/market/5517
2294,Kite Shield,Sizhato Naldah,9990,1,2024-03-30T03:37:20.000Z,https://universalis.app/market/2294
2296,Cobalt Bladed Lantern Shield,Mina Heartstone,24000,1,2024-03-19T17:38:46.000Z,https://universalis.app/market/2296
2298,Oxblood Targe,Raven Frost,20000,1,2024-04-03T20:13:11.000Z,https://universalis.app/market/2298
2300,Vintage Kite Shield,Kass Aurora,22499,1,2024-04-01T20:39:18.000Z,https://universalis.app/market/2300
2259,Scarred Kite Shield,Jondyl Callux,20020,1,2024-03-29T08:46:01.000Z,https://universalis.app/market/2259
2302,Darksteel Scutum,Helio Shasta,4973,1,2024-03-24T23:59:20.000Z,https://universalis.app/market/2302
5060,Darksteel Ingot,Luminia Luna,10000,2,2024-03-28T05:14:22.000Z,https://universalis.app/market/5060
5095,Darksteel Rivets,Amber Satinlace,5000,50,2024-03-25T17:44:50.000Z,https://universalis.app/market/5095
2303,Darksteel Buckler,Iri Yatsurugi,1850,1,2024-03-26T18:39:12.000Z,https://universalis.app/market/2303
2304,Spruce Round Shield,Jingle Fellsbottom,2220,1,2024-04-02T18:42:08.000Z,https://universalis.app/market/2304
5379,Treated Spruce Lumber,Mr Gold,37999,1,2024-03-25T00:39:24.000Z,https://universalis.app/market/5379
2315,Bronze Saw,Byhleb Katsch,4000,1,2024-03-29T20:46:52.000Z,https://universalis.app/market/2315
2316,Amateur's Saw,Bertram Frey,2000,1,2024-03-31T15:30:50.000Z,https://universalis.app/market/2316
2317,Chocobotail Saw,Alastor Kaplan,199,1,2024-03-23T02:17:00.000Z,https://universalis.app/market/2317
2318,Initiate's Saw,Paz Berri,9800,1,2024-04-08T04:26:41.000Z,https://universalis.app/market/2318
2319,Bas-relief Iron Saw,Carman Caelum,25000,1,2024-04-05T23:45:02.000Z,https://universalis.app/market/2319
2320,Iron Chocobotail Saw,Col Palmeri,8041,1,2024-04-01T14:32:43.000Z,https://universalis.app/market/2320
2322,Crosscut Saw,Forgetful Shadow,1500,1,2024-03-28T01:34:39.000Z,https://universalis.app/market/2322
2323,Mythril Saw,Koko Oroq,50000,1,2024-03-26T00:05:50.000Z,https://universalis.app/market/2323
2324,Mythril Chocobotail Saw,Mem Donostein,8500,1,2024-03-30T01:24:30.000Z,https://universalis.app/market/2324
2325,Bas-relief Cobalt Saw,Devilslayer Soulthief,20000,1,2024-03-22T01:33:46.000Z,https://universalis.app/market/2325
2328,Amateur's Claw Hammer,Aeyma Yelho,5200,1,2024-04-03T23:10:28.000Z,https://universalis.app/market/2328
2329,Bronze Claw Hammer,Terminus Ater,700,1,2024-04-07T15:02:09.000Z,https://universalis.app/market/2329
2331,Iron Claw Hammer,King Azereth,49650,1,2024-03-20T18:35:36.000Z,https://universalis.app/market/2331
5483,Jellyfish Humours,Maius Lux-aurelius,1101,1,2024-03-20T00:12:39.000Z,https://universalis.app/market/5483
2332,Initiate's Claw Hammer,Lil'herp Derpybaby,500,1,2024-04-05T16:13:31.000Z,https://universalis.app/market/2332
2334,Steel Claw Hammer,Yui Soni,49900,1,2024-04-07T11:20:52.000Z,https://universalis.app/market/2334
2335,Wrapped Steel Claw Hammer,King Azereth,65000,1,2024-03-20T19:50:33.000Z,https://universalis.app/market/2335
5485,Linseed Oil,Zaith Desturas,5000,10,2024-04-07T00:17:39.000Z,https://universalis.app/market/5485
2337,Mythril Claw Hammer,Isau Saisei,65000,1,2024-03-23T17:08:57.000Z,https://universalis.app/market/2337
2338,Cobalt Claw Hammer,Cerin Vhayar,20000,1,2024-03-30T02:57:29.000Z,https://universalis.app/market/2338
2339,Militia Claw Hammer,Pepper Nerbsdottir,50000,1,2024-03-28T20:34:13.000Z,https://universalis.app/market/2339
2341,Bronze Cross-pein Hammer,Desmos Kings,19999,1,2024-04-12T16:25:21.000Z,https://universalis.app/market/2341
2342,Amateur's Cross-pein Hammer,Hildr Valkyrin,1300,1,2024-03-24T21:42:04.000Z,https://universalis.app/market/2342
2343,Birdsbeak Hammer,Bay Dawn,1000,1,2024-03-22T07:10:58.000Z,https://universalis.app/market/2343
5325,Undyed Cotton Cloth,Aura Shinbu,1000,2,2024-04-06T23:34:48.000Z,https://universalis.app/market/5325
2344,Iron Cross-pein Hammer,Hanekawa Kett,20999,1,2024-03-21T16:45:05.000Z,https://universalis.app/market/2344
2345,Initiate's Cross-pein Hammer,Hildr Valkyrin,4919,1,2024-03-24T22:05:50.000Z,https://universalis.app/market/2345
2346,Crowsbeak Hammer,Col Palmeri,20000,1,2024-03-25T01:39:46.000Z,https://universalis.app/market/2346
2347,Heavy Crowsbeak Hammer,Astarion Tavsan,70,1,2024-04-07T00:25:14.000Z,https://universalis.app/market/2347
2348,Steel Cross-pein Hammer,Bertram Frey,50000,1,2024-03-27T21:45:08.000Z,https://universalis.app/market/2348
5326,Undyed Velveteen,Mugen Bob,10000,1,2024-03-25T19:55:03.000Z,https://universalis.app/market/5326
2349,Steel Crowsbeak Hammer,Rorobin Fishy,14999,1,2024-03-22T00:05:40.000Z,https://universalis.app/market/2349
2350,Wrapped Crowsbeak Hammer,Lost Mans,55555,1,2024-03-30T21:36:25.000Z,https://universalis.app/market/2350
2351,Cobalt Cross-pein Hammer,Caoimhe Quinn,998,1,2024-03-20T06:37:38.000Z,https://universalis.app/market/2351
2352,Wrapped Hawksbeak Hammer,Athena Scar,37500,1,2024-04-01T16:47:44.000Z,https://universalis.app/market/2352
2355,Amateur's File,Akira Yamato,3000,1,2024-03-26T05:37:41.000Z,https://universalis.app/market/2355
2356,Bronze File,Tsugumi Abumin,400,1,2024-04-06T00:47:16.000Z,https://universalis.app/market/2356
2358,Iron File,Hildr Valkyrin,3000,1,2024-03-24T22:05:54.000Z,https://universalis.app/market/2358
2359,Initiate's File,Koko Yum,1600,1,2024-04-12T20:15:43.000Z,https://universalis.app/market/2359
2361,Steel File,Col Palmeri,25000,1,2024-04-01T14:32:54.000Z,https://universalis.app/market/2361
2363,Mythril File,Rajin Belmont,25000,1,2024-03-29T08:03:44.000Z,https://universalis.app/market/2363
2364,Cobalt File,Drogon Zaldrizes',30000,1,2024-03-20T06:13:28.000Z,https://universalis.app/market/2364
2367,Bronze Doming Hammer,Riku Asada,499,1,2024-03-22T17:00:00.000Z,https://universalis.app/market/2367
2368,Amateur's Doming Hammer,Tearea Forelia,2500,1,2024-04-04T20:30:23.000Z,https://universalis.app/market/2368
2369,Bronze Raising Hammer,Cohan Holigard,700,1,2024-04-01T14:51:46.000Z,https://universalis.app/market/2369
2370,Iron Doming Hammer,Nero Gardiner,4016,1,2024-03-29T04:49:07.000Z,https://universalis.app/market/2370
2371,Initiate's Doming Hammer,Nova Infina,8000,1,2024-04-03T00:16:46.000Z,https://universalis.app/market/2371
2372,Iron Raising Hammer,Velvett Crowe,5000,1,2024-03-31T22:48:02.000Z,https://universalis.app/market/2372
2373,Wrapped Iron Raising Hammer,Cynothoglys Fenric,100,1,2024-04-05T05:10:29.000Z,https://universalis.app/market/2373
2374,Steel Doming Hammer,Col Palmeri,25000,1,2024-04-01T14:33:22.000Z,https://universalis.app/market/2374
2375,Steel Raising Hammer,Mumune Mune,45000,1,2024-03-30T20:36:30.000Z,https://universalis.app/market/2375
2376,Cobalt Doming Hammer,Isau Saisei,35000,1,2024-03-23T17:22:40.000Z,https://universalis.app/market/2376
2377,Cobalt Raising Hammer,Nerguui Sun,50000,1,2024-04-05T19:09:29.000Z,https://universalis.app/market/2377
2380,Amateur's Pliers,Kayla Lykke,9500,1,2024-03-25T21:51:56.000Z,https://universalis.app/market/2380
2381,Bronze Pliers,Lu Cent,4000,1,2024-04-03T21:42:38.000Z,https://universalis.app/market/2381
2383,Iron Pliers,Flavia Reglay,10000,1,2024-04-10T20:36:23.000Z,https://universalis.app/market/2383
2384,Initiate's Pliers,Bunana Bread,2500,1,2024-04-04T20:55:31.000Z,https://universalis.app/market/2384
2386,Steel Pliers,Suboptimal Gamer,25000,1,2024-04-08T21:56:24.000Z,https://universalis.app/market/2386
2388,Mythril Pliers,Sizhato Naldah,34999,1,2024-03-25T20:28:53.000Z,https://universalis.app/market/2388
2389,Cobalt Pliers,Don Pizzarolli,32500,1,2024-04-01T02:29:22.000Z,https://universalis.app/market/2389
2392,Bronze Chaser Hammer,Tsugumi Abumin,250,1,2024-04-03T22:32:08.000Z,https://universalis.app/market/2392
2393,Amateur's Chaser Hammer,Anitamax Wynn,100,1,2024-03-21T19:28:16.000Z,https://universalis.app/market/2393
2394,Bronze Ornamental Hammer,Nitro Nos,11,1,2024-03-25T21:12:49.000Z,https://universalis.app/market/2394
2395,Iron Chaser Hammer,Bertram Frey,5016,1,2024-03-30T15:03:31.000Z,https://universalis.app/market/2395
2396,Initiate's Chaser Hammer,Lime'ra Dakwhil,22000,1,2024-03-27T22:12:20.000Z,https://universalis.app/market/2396
2397,Iron Ornamental Hammer,Eruza Helianthus,5000,1,2024-03-30T06:27:54.000Z,https://universalis.app/market/2397
2398,Steel Chaser Hammer,Licoco Lico,3500,1,2024-04-01T20:38:08.000Z,https://universalis.app/market/2398
2399,Steel Ornamental Hammer,Krysta Lightfoot,11162,1,2024-03-19T15:43:32.000Z,https://universalis.app/market/2399
2400,Mythril Ornamental Hammer,Lost Mans,65000,1,2024-03-22T01:55:14.000Z,https://universalis.app/market/2400
2401,Mythril Lapidary Hammer,Fayleen Mitoria,12500,1,2024-03-28T17:25:04.000Z,https://universalis.app/market/2401
2402,Electrum Lapidary Hammer,I'she Thi,35000,1,2024-04-02T14:06:16.000Z,https://universalis.app/market/2402
5183,Tourmaline,Pogus Champus,350,2,2024-04-02T08:59:31.000Z,https://universalis.app/market/5183
2405,Amateur's Grinding Wheel,Alexandra Kedves,16,1,2024-03-31T18:58:26.000Z,https://universalis.app/market/2405
2406,Ragstone Grinding Wheel,Chi Granmamare,5999,1,2024-03-24T20:09:11.000Z,https://universalis.app/market/2406
2408,Mudstone Grinding Wheel,Nova Infina,4800,1,2024-04-04T20:12:07.000Z,https://universalis.app/market/2408
5229,Mudstone,Ruby Shoes,10000000,1,2024-04-14T12:49:40.000Z,https://universalis.app/market/5229
2409,Initiate's Grinding Wheel,Kohaku Kurohana,15000,1,2024-03-19T23:26:50.000Z,https://universalis.app/market/2409
2411,Siltstone Grinding Wheel,Vuli Livu,45000,1,2024-03-21T15:21:19.000Z,https://universalis.app/market/2411
5231,Siltstone,Waifu Reclaimer,1000,5,2024-03-27T17:04:37.000Z,https://universalis.app/market/5231
2413,Garnet Grinding Wheel,Cinna Bonn,20000,1,2024-04-02T02:08:52.000Z,https://universalis.app/market/2413
5134,Raw Garnet,Rory Crowe,1000,14,2024-03-25T20:10:01.000Z,https://universalis.app/market/5134
2414,Basilisk Grinding Wheel,Sollaeren Guilthana,25000,1,2024-04-01T16:54:59.000Z,https://universalis.app/market/2414
5263,Basilisk Egg,Shield Bae,900,9,2024-03-29T06:24:13.000Z,https://universalis.app/market/5263
2415,Militia Grinding Wheel,Stellarvore Thornborn,24998,1,2024-04-05T04:31:14.000Z,https://universalis.app/market/2415
5158,Astral Rock,Faine Lothaire,450,10,2024-04-11T16:15:49.000Z,https://universalis.app/market/5158
2417,Bronze Head Knife,J'nasshym Lufkin,2505,1,2024-03-21T10:25:43.000Z,https://universalis.app/market/2417
2418,Amateur's Head Knife,Yuki Oda,909,1,2024-04-02T23:06:54.000Z,https://universalis.app/market/2418
2419,Brass Head Knife,Shukufuku Lofu,5911,1,2024-03-29T04:37:01.000Z,https://universalis.app/market/2419
2420,Initiate's Head Knife,Maximilion Pegasus,1999,1,2024-03-28T00:46:01.000Z,https://universalis.app/market/2420
2421,Iron Round Knife,K'atto Minsc,1000,1,2024-03-31T14:39:52.000Z,https://universalis.app/market/2421
2422,Iron Head Knife,Asch Fabre,5041,1,2024-04-14T23:31:43.000Z,https://universalis.app/market/2422
2423,Silver Head Knife,Rukia Himejima,1999,1,2024-03-24T09:20:23.000Z,https://universalis.app/market/2423
2424,Steel Round Knife,Lilly Ariti,30000,1,2024-04-01T18:18:14.000Z,https://universalis.app/market/2424
2425,Mythril Head Knife,Bosco Sticc,14999,1,2024-04-02T00:07:06.000Z,https://universalis.app/market/2425
2426,Mythril Round Knife,Emira Snow,27500,1,2024-04-01T03:17:32.000Z,https://universalis.app/market/2426
2427,Electrum Head Knife,Bosco Sticc,45000,1,2024-04-04T03:33:01.000Z,https://universalis.app/market/2427
2430,Amateur's Awl,Kayla Lykke,2900,1,2024-03-29T22:19:28.000Z,https://universalis.app/market/2430
2431,Bronze Awl,Skii Whisks,576,1,2024-03-28T21:23:01.000Z,https://universalis.app/market/2431
2433,Iron Awl,Da'triten Sivs,8000,1,2024-04-02T22:52:53.000Z,https://universalis.app/market/2433
2434,Initiate's Awl,Skii Whisks,6000,1,2024-04-09T19:23:04.000Z,https://universalis.app/market/2434
2436,Steel Awl,Lilly Ariti,51799,1,2024-04-01T18:18:21.000Z,https://universalis.app/market/2436
2437,Wrapped Steel Awl,Isau Saisei,55000,1,2024-03-23T16:59:59.000Z,https://universalis.app/market/2437
2439,Mythril Awl,Athena Scar,50000,1,2024-03-24T06:12:17.000Z,https://universalis.app/market/2439
2440,Cobalt Awl,Travis Vandorlik,20000,1,2024-04-02T01:34:41.000Z,https://universalis.app/market/2440
2441,Militia Awl,Devilslayer Soulthief,10000,1,2024-03-30T11:23:36.000Z,https://universalis.app/market/2441
2443,Copper Needle,Moighty Fine,333,1,2024-04-02T01:27:41.000Z,https://universalis.app/market/2443
2444,Bat Fang Needle,Aeyma Yelho,20000,1,2024-04-09T00:56:57.000Z,https://universalis.app/market/2444
2445,Amateur's Needle,Miana Himeko,799,1,2024-04-02T02:24:34.000Z,https://universalis.app/market/2445
2446,Brass Needle,Carman Caelum,14000,1,2024-04-04T23:53:19.000Z,https://universalis.app/market/2446
2447,Initiate's Needle,Reugen Majano,1628,1,2024-04-07T15:31:41.000Z,https://universalis.app/market/2447
2448,Silver Needle,Shukufuku Lofu,2879,1,2024-03-23T06:24:38.000Z,https://universalis.app/market/2448
2449,Worm Fang Needle,Col Palmeri,24994,1,2024-04-01T14:33:57.000Z,https://universalis.app/market/2449
5447,Sandworm Fang,Sa'ab Draken,400000,1,2024-04-06T09:03:33.000Z,https://universalis.app/market/5447
2450,Mythril Needle,Xillia Hightower,4000,1,2024-03-20T04:15:44.000Z,https://universalis.app/market/2450
2451,Wolf Fang Needle,Mihi Wilzuun,30900,1,2024-03-21T13:35:40.000Z,https://universalis.app/market/2451
2452,Thousand Needle,Lilly Ariti,19979,1,2024-04-01T18:14:32.000Z,https://universalis.app/market/2452
5468,Cactuar Needle,Falloh Witte,995,1,2024-03-26T07:12:13.000Z,https://universalis.app/market/5468
2453,Electrum Needle,Van Haigood,15000,1,2024-03-26T08:06:56.000Z,https://universalis.app/market/2453
2456,Amateur's Spinning Wheel,Van Haigood,1000,1,2024-04-10T03:47:39.000Z,https://universalis.app/market/2456
2457,Ash Spinning Wheel,Autumn Drake,3600,1,2024-03-26T22:06:16.000Z,https://universalis.app/market/2457
2459,Initiate's Spinning Wheel,Nodai Todai,5500,1,2024-04-05T19:48:45.000Z,https://universalis.app/market/2459
2460,Elm Spinning Wheel,Ringo Grey,9999,1,2024-03-29T21:42:05.000Z,https://universalis.app/market/2460
2462,Walnut Spinning Wheel,Bel Phine,50000,1,2024-04-06T16:19:27.000Z,https://universalis.app/market/2462
2464,Mahogany Spinning Wheel,Roric Carver,30000,1,2024-03-24T18:52:48.000Z,https://universalis.app/market/2464
2465,Rosewood Spinning Wheel,Meringue Vanille,27900,1,2024-04-07T22:43:40.000Z,https://universalis.app/market/2465
2466,Militia Spinning Wheel,Luna Lowella,30000,1,2024-04-14T20:19:33.000Z,https://universalis.app/market/2466
2468,Bronze Alembic,Razthgar Vexilior,50000,1,2024-03-22T10:45:52.000Z,https://universalis.app/market/2468
2469,Amateur's Alembic,Porom Mysidia,9250,1,2024-04-05T19:03:57.000Z,https://universalis.app/market/2469
2470,Brass Alembic,Valgrim Nightbane,15000,1,2024-03-20T00:16:32.000Z,https://universalis.app/market/2470
2471,Initiate's Alembic,Serenity Vandirk,8000,1,2024-04-07T21:22:00.000Z,https://universalis.app/market/2471
2472,Iron Alembic,Galzu Zu,7500,1,2024-03-25T20:38:07.000Z,https://universalis.app/market/2472
2473,Conical Alembic,Alex Era,10040,1,2024-03-20T23:57:37.000Z,https://universalis.app/market/2473
2474,Steel Alembic,Sun Wu'kong,60000,1,2024-03-29T14:31:29.000Z,https://universalis.app/market/2474
2475,Silver Alembic,Skyla Brightmore,35000,1,2024-03-31T21:49:31.000Z,https://universalis.app/market/2475
2476,Mythril Alembic,Yin Tsuki,25000,1,2024-04-10T00:32:09.000Z,https://universalis.app/market/2476
2477,Electrum Alembic,Rorobin Fishy,15092,1,2024-04-14T08:23:09.000Z,https://universalis.app/market/2477
2478,Thermal Alembic,Deuce Al-rashia,39910,1,2024-03-22T04:29:01.000Z,https://universalis.app/market/2478
2481,Amateur's Mortar,Alexandra Kedves,1011,1,2024-03-31T22:32:44.000Z,https://universalis.app/market/2481
2482,Bronze Mortar,Anhur Xb,99,1,2024-03-22T18:15:10.000Z,https://universalis.app/market/2482
2484,Iron Mortar,Col Palmeri,9995,1,2024-03-22T23:27:40.000Z,https://universalis.app/market/2484
2485,Initiate's Mortar,Mae Rhea,1500,1,2024-04-15T09:05:25.000Z,https://universalis.app/market/2485
2487,Steel Mortar,Heals Onwheels,20000,1,2024-04-10T17:59:55.000Z,https://universalis.app/market/2487
2488,Heavy Steel Mortar,Col Palmeri,50000,1,2024-04-01T14:34:10.000Z,https://universalis.app/market/2488
2490,Mythril Mortar,Obi Tech,15000,1,2024-03-29T02:18:56.000Z,https://universalis.app/market/2490
2491,Cobalt Mortar,Ladybug Kay,107106,1,2024-03-20T23:11:01.000Z,https://universalis.app/market/2491
2492,Militia Mortar,Caoimhe Quinn,50000,1,2024-03-21T10:45:33.000Z,https://universalis.app/market/2492
2494,Bronze Skillet,Stella Tenki,15000,1,2024-03-30T10:55:01.000Z,https://universalis.app/market/2494
2495,Amateur's Skillet,Autumn Drake,9998,1,2024-03-25T20:32:52.000Z,https://universalis.app/market/2495
2496,Iron Skillet,Ancient Warmind,5000,1,2024-03-19T23:53:17.000Z,https://universalis.app/market/2496
2497,Initiate's Skillet,Iri Hakuuci,10000,1,2024-03-29T18:28:25.000Z,https://universalis.app/market/2497
2498,Iron Frypan,Astarion Ancunn,25000,1,2024-04-02T22:09:04.000Z,https://universalis.app/market/2498
2499,Bomb Frypan,Rei Tatsuya,5000,1,2024-04-09T09:00:18.000Z,https://universalis.app/market/2499
5528,Bomb Ash,Chilger Torgud,400,2,2024-04-05T18:00:11.000Z,https://universalis.app/market/5528
2500,Steel Skillet,Ophilia West,2053,1,2024-03-22T06:03:40.000Z,https://universalis.app/market/2500
2501,White Skillet,Tiny Pickles,5062,1,2024-04-07T06:56:38.000Z,https://universalis.app/market/2501
2502,Steel Frypan,Hachi Sama,52222,1,2024-03-23T07:14:34.000Z,https://universalis.app/market/2502
2503,Cobalt Skillet,Eternal Rain,19999,1,2024-03-31T08:55:59.000Z,https://universalis.app/market/2503
2504,Hells' Kitchen,Ravyn Thurnstone,60110,1,2024-03-22T11:08:46.000Z,https://universalis.app/market/2504
2507,Amateur's Culinary Knife,Dark Sunshine,1999,1,2024-04-06T10:41:48.000Z,https://universalis.app/market/2507
2508,Bronze Culinary Knife,Uto Azure,901,1,2024-03-28T20:28:06.000Z,https://universalis.app/market/2508
2510,Iron Culinary Knife,Qrowyn Jademist,10000,1,2024-04-08T05:37:49.000Z,https://universalis.app/market/2510
2511,Initiate's Culinary Knife,Luka Crosszeria,5024,1,2024-04-07T11:39:26.000Z,https://universalis.app/market/2511
2513,Steel Culinary Knife,Georgie Boy,50000,1,2024-03-28T09:27:12.000Z,https://universalis.app/market/2513
2514,Wrapped Steel Culinary Knife,Tooti's Poobi,10000,1,2024-03-31T22:31:14.000Z,https://universalis.app/market/2514
2516,Mythril Culinary Knife,Isau Saisei,55000,1,2024-03-23T17:08:48.000Z,https://universalis.app/market/2516
2517,Cobalt Culinary Knife,Sofia Firebird,35000,1,2024-03-23T00:17:37.000Z,https://universalis.app/market/2517
2518,Militia Culinary Knife,Tummi Yuri,15000,1,2024-04-10T14:21:25.000Z,https://universalis.app/market/2518
2520,Bronze Pickaxe,Raijin Kata,3000,1,2024-04-02T02:49:06.000Z,https://universalis.app/market/2520
2521,Amateur's Pickaxe,Mandy Lalix,10000,1,2024-04-05T19:55:13.000Z,https://universalis.app/market/2521
2522,Plumed Bronze Pickaxe,Psyconia Serio,10000,1,2024-03-24T01:19:06.000Z,https://universalis.app/market/2522
2523,Iron Pickaxe,Yunalesca Yevon,39000,1,2024-03-23T23:55:40.000Z,https://universalis.app/market/2523
2524,Initiate's Pickaxe,Alter Echo,10000,1,2024-04-10T23:06:49.000Z,https://universalis.app/market/2524
2525,Iron Dolabra,Kagome Leonheart,17500,1,2024-04-13T17:49:05.000Z,https://universalis.app/market/2525
2526,Steel Pickaxe,Rokuyari Malaguld,18000,1,2024-03-20T00:06:53.000Z,https://universalis.app/market/2526
2527,Steel Dolabra,Littlelala Foofoo,20000,1,2024-03-23T13:36:35.000Z,https://universalis.app/market/2527
2528,Plumed Mythril Pickaxe,Derpy Fool,64999,1,2024-03-30T02:11:08.000Z,https://universalis.app/market/2528
5327,Undyed Linen,Ambrea Verlaine,2000,10,2024-04-07T10:10:13.000Z,https://universalis.app/market/5327
2529,Cobalt Dolabra,Abelia Hawthorne,8000,1,2024-04-07T04:58:13.000Z,https://universalis.app/market/2529
2530,Egret Dolabra,Crystal Lotus,59999,1,2024-03-20T07:24:20.000Z,https://universalis.app/market/2530
2534,Bronze Sledgehammer,About Blank,20000,1,2024-03-22T22:58:47.000Z,https://universalis.app/market/2534
2536,Initiate's Sledgehammer,Yuki Firebird,50018,1,2024-03-26T01:28:46.000Z,https://universalis.app/market/2536
2537,Iron Sledgehammer,Milasa Kitlo,1500,1,2024-03-30T19:00:06.000Z,https://universalis.app/market/2537
2539,Steel Sledgehammer,Cinder Rayne,47995,1,2024-04-03T18:31:07.000Z,https://universalis.app/market/2539
2540,Wrapped Steel Sledgehammer,Tsuzukiro Monokuro,15000,1,2024-03-24T21:53:10.000Z,https://universalis.app/market/2540
2542,Mythril Sledgehammer,Chiull Malqir,25000,1,2024-04-05T09:05:49.000Z,https://universalis.app/market/2542
2543,Cobalt Sledgehammer,Owl Rukh,25000,1,2024-03-30T17:25:45.000Z,https://universalis.app/market/2543
2544,Militia Sledgehammer,Miki Chinen,25000,1,2024-03-26T18:22:54.000Z,https://universalis.app/market/2544
2546,Bronze Hatchet,Georgie Boy,25000,1,2024-03-28T03:48:52.000Z,https://universalis.app/market/2546
2547,Amateur's Hatchet,Bay Dawn,10000,1,2024-03-19T14:02:23.000Z,https://universalis.app/market/2547
2548,Iron Hatchet,Licoco Lico,12013,1,2024-03-20T08:00:05.000Z,https://universalis.app/market/2548
2549,Initiate's Hatchet,Qrowyn Jademist,10000,1,2024-04-08T05:37:30.000Z,https://universalis.app/market/2549
2550,Brass Hatchet,Wolf Higher,1200,1,2024-04-01T03:42:00.000Z,https://universalis.app/market/2550
2551,Plumed Iron Hatchet,Newoldman Otsdarva,54444,1,2024-03-19T22:04:48.000Z,https://universalis.app/market/2551
5359,Chocobo Feather,Yuki Hart,15000,2,2024-04-06T21:11:38.000Z,https://universalis.app/market/5359
2552,Steel Hatchet,Kohaku Kurohana,25000,1,2024-03-28T08:31:16.000Z,https://universalis.app/market/2552
2553,Plumed Steel Hatchet,Devilslayer Soulthief,2500,1,2024-03-20T21:59:57.000Z,https://universalis.app/market/2553
2554,Mythril Hatchet,C'irhya Cottol,65000,1,2024-03-20T09:36:56.000Z,https://universalis.app/market/2554
2555,Cobalt Hatchet,Tal'ewain Ashe,29999,1,2024-03-28T00:24:12.000Z,https://universalis.app/market/2555
2556,Horned Hatchet,Buttery Succubiscuit,42000,1,2024-04-07T01:57:07.000Z,https://universalis.app/market/2556
2560,Bronze Scythe,Zeep Hoos,18700,1,2024-04-01T00:07:55.000Z,https://universalis.app/market/2560
2562,Iron Scythe,Ryddelia Mourningdire,12019,1,2024-03-28T13:07:42.000Z,https://universalis.app/market/2562
2563,Initiate's Scythe,Kyra Moreria,3000,1,2024-03-21T20:07:20.000Z,https://universalis.app/market/2563
2565,Steel Scythe,Col Palmeri,65000,1,2024-04-01T14:35:16.000Z,https://universalis.app/market/2565
2566,Wrapped Steel Scythe,Devilslayer Soulthief,9999,1,2024-03-20T22:00:01.000Z,https://universalis.app/market/2566
2568,Mythril Scythe,Buttery Succubiscuit,39999,1,2024-04-07T01:57:20.000Z,https://universalis.app/market/2568
2569,Cobalt Scythe,About Blank,40000,1,2024-04-02T00:23:51.000Z,https://universalis.app/market/2569
2570,Militia Scythe,Lilly Ariti,50000,1,2024-04-01T18:12:36.000Z,https://universalis.app/market/2570
2572,Maple Fishing Rod,Drfob Fist-of-father,999,1,2024-03-23T05:27:59.000Z,https://universalis.app/market/2572
2573,Amateur's Fishing Rod,Gyosei Akari,708,1,2024-03-22T19:31:59.000Z,https://universalis.app/market/2573
2574,Elm Fishing Rod,Sirrion Dragonfang,5000,1,2024-04-14T04:53:21.000Z,https://universalis.app/market/2574
2575,Initiate's Fishing Rod,Col Palmeri,3000,1,2024-03-22T03:09:56.000Z,https://universalis.app/market/2575
2576,Yew Fishing Rod,Akussa Zephyr,45000,1,2024-04-10T04:00:21.000Z,https://universalis.app/market/2576
2577,Staghorn Fishing Rod,Suvd Tumet,35500,1,2024-04-14T01:55:07.000Z,https://universalis.app/market/2577
2578,Walnut Fishing Rod,Extra Fries,95000,1,2024-04-09T21:55:28.000Z,https://universalis.app/market/2578
2579,Horn Fishing Rod,Kohaku Kurohana,15000,1,2024-03-28T08:31:33.000Z,https://universalis.app/market/2579
2580,Mahogany Fishing Rod,Kohaku Kurohana,12500,1,2024-03-28T22:22:48.000Z,https://universalis.app/market/2580
2581,Rosewood Fishing Rod,Slightly Average,20000,1,2024-04-01T18:26:30.000Z,https://universalis.app/market/2581
2582,Gilded Rosewood Fishing Rod,Ambrosia Naumits,58000,1,2024-04-02T18:39:52.000Z,https://universalis.app/market/2582
2588,Crayfish Ball,Tseren Lkhagvasuren,100,99,2024-04-01T09:11:22.000Z,https://universalis.app/market/2588
4825,Rye Flour,I'm Trig,1001,1,2024-04-07T19:10:32.000Z,https://universalis.app/market/4825
4925,Crayfish,Vesta Armitox,10000,4,2024-03-30T16:30:24.000Z,https://universalis.app/market/4925
2589,Goby Ball,Zel Vongul,189,99,2024-03-21T04:17:55.000Z,https://universalis.app/market/2589
4931,Dusk Goby,Alexander Mercury,1000,1,2024-03-24T02:36:01.000Z,https://universalis.app/market/4931
2593,Crab Ball,Kitt Katrel,7,99,2024-04-08T07:14:01.000Z,https://universalis.app/market/2593
4880,Helmet Crab,Lena Lissa,950,2,2024-03-25T02:07:19.000Z,https://universalis.app/market/4880
2595,Bass Ball,Amiella Alba,17,68,2024-04-01T18:33:33.000Z,https://universalis.app/market/2595
4826,Sunset Wheat Flour,Big Tunk,750,2,2024-04-04T09:20:32.000Z,https://universalis.app/market/4826
4959,Dark Bass,Sasha Lyna,3000,3,2024-03-29T23:46:06.000Z,https://universalis.app/market/4959
2598,Herring Ball,Berl Blandwhip,39,99,2024-03-19T17:46:34.000Z,https://universalis.app/market/2598
4895,Indigo Herring,Yuki Hart,1001,2,2024-04-10T19:24:38.000Z,https://universalis.app/market/4895
2610,Chocobo Fly,Amiella Alba,175,99,2024-04-01T18:20:29.000Z,https://universalis.app/market/2610
2611,Floating Minnow,Weace Yaeger,264,81,2024-03-27T06:09:33.000Z,https://universalis.app/market/2611
2612,Brass Spoon Lure,Z-bro Tribal,25,1,2024-03-30T19:50:21.000Z,https://universalis.app/market/2612
2614,Crow Fly,Astarion Ancunn,1300,20,2024-04-01T23:04:25.000Z,https://universalis.app/market/2614
2615,Silver Spoon Lure,Dark Bunni,250,50,2024-04-09T09:10:36.000Z,https://universalis.app/market/2615
2616,Steel Jig,Aurelle Deresnels,1500,1,2024-04-13T00:16:49.000Z,https://universalis.app/market/2616
2617,Sinking Minnow,Leo Swiftclaw,3000,5,2024-03-21T20:39:18.000Z,https://universalis.app/market/2617
2618,Snurble Fly,Human Person,4000,5,2024-03-28T21:38:01.000Z,https://universalis.app/market/2618
5349,Snurble Tufts,Chaotic Monado,1500,15,2024-03-31T01:07:05.000Z,https://universalis.app/market/5349
2619,Heavy Steel Jig,Vito Kuroi,3000,5,2024-04-12T22:38:24.000Z,https://universalis.app/market/2619
2620,Spinner,Sotsky Khowo,4000,5,2024-03-20T08:14:45.000Z,https://universalis.app/market/2620
4900,Whitelip Oyster,Krim Drakos,2000,2,2024-03-19T17:43:36.000Z,https://universalis.app/market/4900
2622,Mythril Spoon Lure,Aurora Dragonlight,399,4,2024-04-01T20:04:06.000Z,https://universalis.app/market/2622
2623,Wildfowl Fly,Almaz Adamant,8000,31,2024-04-11T17:13:11.000Z,https://universalis.app/market/2623
2624,Topwater Frog,Stella Tenki,3500,5,2024-04-14T17:15:04.000Z,https://universalis.app/market/2624
2625,Rainbow Spoon Lure,Cellia Barker,4998,2,2024-03-30T17:04:12.000Z,https://universalis.app/market/2625
5466,Blacklip Oyster,Rome Does'stuff,1745,1,2024-03-20T00:03:56.000Z,https://universalis.app/market/5466
2626,Spinnerbait,Mitya Dimitriou,5000,5,2024-03-23T16:17:13.000Z,https://universalis.app/market/2626
5329,Undyed Felt,Fjohen Askirada,7500,1,2024-04-08T03:57:04.000Z,https://universalis.app/market/5329
2627,Streamer,Xelcarina Taiklow,3000,5,2024-03-20T05:36:23.000Z,https://universalis.app/market/2627
2628,Yumizuno,Dino Guerrero,5000,5,2024-04-11T01:34:18.000Z,https://universalis.app/market/2628
2629,Hempen Coif,Kioko Shiro,999999,1,2024-03-30T01:39:14.000Z,https://universalis.app/market/2629
2630,Hempen Coif of Gathering,Enoch Sol,12000,1,2024-03-30T21:59:25.000Z,https://universalis.app/market/2630
2631,Leather Calot,Adamantoise Stash,224007399,1,2024-04-13T01:23:47.000Z,https://universalis.app/market/2631
12590,Ramie Cloth,Whiffing Shots,4000,5,2024-04-08T05:00:29.000Z,https://universalis.app/market/12590
12595,Ramie Thread,Takumi Iroha,5000,3,2024-03-30T03:41:04.000Z,https://universalis.app/market/12595
2652,Hempen Bandana,Aeyma Yelho,5000,1,2024-04-02T23:03:02.000Z,https://universalis.app/market/2652
2653,Leather Eyepatch,Quinnie Boo,14961830,1,2024-03-31T21:25:00.000Z,https://universalis.app/market/2653
2654,Hard Leather Pot Helm,Lilith Stark,2500,1,2024-04-11T23:26:49.000Z,https://universalis.app/market/2654
2655,Hempen Hat,Astra Archeron,20000000,1,2024-04-13T01:48:10.000Z,https://universalis.app/market/2655
2656,Bronze Chain Coif,Autumn Drake,750,1,2024-03-21T20:51:20.000Z,https://universalis.app/market/2656
5081,Bronze Rings,Levolta Sven,4001,11,2024-04-06T11:04:23.000Z,https://universalis.app/market/5081
2658,Straw Hat,Emori Nova,50000000,1,2024-04-14T20:52:19.000Z,https://universalis.app/market/2658
5342,Straw,Hiso Reno,1000,40,2024-04-06T20:26:43.000Z,https://universalis.app/market/5342
2660,Amateur's Headgear,Pimmy Pompina,798,1,2024-03-28T03:03:11.000Z,https://universalis.app/market/2660
2661,Amateur's Hempen Coif,Shalltear Neku,40000000,1,2024-04-06T18:33:09.000Z,https://universalis.app/market/2661
2662,Bronze Sallet,Kuroi Hono,25000000,1,2024-03-21T04:43:16.000Z,https://universalis.app/market/2662
2663,Stablemaid's Hat,Sindel Savage,19200,1,2024-04-07T23:03:22.000Z,https://universalis.app/market/2663
5540,Carnation,Dark Bunni,1480,23,2024-04-08T10:35:52.000Z,https://universalis.app/market/5540
2664,Bronze Barbut,Alexander Logan,15000,1,2024-04-09T06:10:03.000Z,https://universalis.app/market/2664
2665,Cotton Turban,Kage Nour,1200,1,2024-04-10T22:36:20.000Z,https://universalis.app/market/2665
2666,Stablehand's Hat,Aldren Aznable,20000,1,2024-04-07T19:34:44.000Z,https://universalis.app/market/2666
2668,Brass Spectacles,Tabius Korinthos,10000,1,2024-03-20T15:54:22.000Z,https://universalis.app/market/2668
5512,Clear Glass Lens,Cynothoglys Fenric,393,8,2024-03-24T16:45:42.000Z,https://universalis.app/market/5512
2669,Hard Leather Eyepatch,Shukufuku Lofu,149,1,2024-03-29T04:37:44.000Z,https://universalis.app/market/2669
2670,Cotton Scarf,Lucky Jman,60006,1,2024-04-05T03:05:46.000Z,https://universalis.app/market/2670
2672,Hard Leather Skullcap,Pollo Scratch,120000,1,2024-03-24T05:29:48.000Z,https://universalis.app/market/2672
2673,Bronze Celata,Nova Infina,18014,1,2024-03-31T19:09:23.000Z,https://universalis.app/market/2673
2675,Ash Mask,Grinklo Dieumont,7007,1,2024-04-09T15:38:48.000Z,https://universalis.app/market/2675
2677,Hunting Hat,Moutard Choux,908,1,2024-04-13T05:51:52.000Z,https://universalis.app/market/2677
2680,Decorated Bronze Barbut,Kayla Lykke,10001,1,2024-04-04T20:49:29.000Z,https://universalis.app/market/2680
2685,Brass Circlet (Sunstone),Kayla Lykke,25000,1,2024-04-04T20:49:43.000Z,https://universalis.app/market/2685
5169,Sunstone,Kellica Kittypaws,197,1,2024-03-23T23:56:09.000Z,https://universalis.app/market/5169
2687,Brass Circlet (Danburite),Anhur Xb,2000,1,2024-03-27T22:44:00.000Z,https://universalis.app/market/2687
5170,Danburite,Mikh'ael Dakmjr,299,2,2024-03-30T00:58:39.000Z,https://universalis.app/market/5170
2689,Brass Circlet (Malachite),Megomi Infinity,300,1,2024-03-20T23:57:04.000Z,https://universalis.app/market/2689
5171,Malachite,Yam Stick,1001,1,2024-03-21T04:42:35.000Z,https://universalis.app/market/5171
2691,Brass Circlet (Sphene),Arson Phantom,4500,1,2024-03-23T02:14:26.000Z,https://universalis.app/market/2691
5172,Sphene,No Way,301,2,2024-04-04T18:35:46.000Z,https://universalis.app/market/5172
2693,Brass Circlet (Fluorite),Tsume Thewolf,95,1,2024-03-23T07:44:00.000Z,https://universalis.app/market/2693
5173,Fluorite,Anaximander Aletheia,200,1,2024-03-20T08:23:09.000Z,https://universalis.app/market/5173
2695,Brass Circlet (Lapis Lazuli),Bad Guy,350,1,2024-03-29T01:18:22.000Z,https://universalis.app/market/2695
5174,Lapis Lazuli,Vernier Verselis,2599,7,2024-04-01T13:09:34.000Z,https://universalis.app/market/5174
2697,Goatskin Pot Helm,Lilja Tjade,14989,1,2024-03-20T06:06:34.000Z,https://universalis.app/market/2697
2699,Cotton Coif,Lavender Rose,10000,1,2024-03-28T11:34:43.000Z,https://universalis.app/market/2699
2700,Cotton Coif of Gathering,Nymeia Night,24995,1,2024-04-07T17:24:58.000Z,https://universalis.app/market/2700
2703,Ash Mask (Lapis Lazuli),Concris Stormborn,24935,1,2024-04-04T23:57:39.000Z,https://universalis.app/market/2703
2708,Iron Sallet,Vincent Gray,1900,1,2024-03-30T16:08:39.000Z,https://universalis.app/market/2708
2710,Goatskin Eyepatch,Bell O'rosa,7000,1,2024-03-22T15:44:13.000Z,https://universalis.app/market/2710
2712,Iron Celata,Moighty Fine,1000,1,2024-04-02T01:27:30.000Z,https://universalis.app/market/2712
5082,Iron Rings,Bry B'good,333,2,2024-03-31T03:36:34.000Z,https://universalis.app/market/5082
2714,Initiate's Headgear,Cal Endar,49999,1,2024-04-08T19:33:48.000Z,https://universalis.app/market/2714
2719,Cotton Sugarloaf Hat,Kyouko Kawai,50000000,1,2024-03-27T19:00:17.000Z,https://universalis.app/market/2719
2723,Iron Elmo,Dark Orta,5015,1,2024-04-09T18:21:30.000Z,https://universalis.app/market/2723
2725,Reinforced Iron Sallet,Carman Caelum,20000,1,2024-04-05T23:52:53.000Z,https://universalis.app/market/2725
2727,Velveteen Bandana,Azazel Blaze,30000,1,2024-04-01T01:14:35.000Z,https://universalis.app/market/2727
2728,Silver Spectacles,Althea Amaryllis,12000,1,2024-03-23T03:06:38.000Z,https://universalis.app/market/2728
2729,Velveteen Turban,Alt Two,25000,1,2024-03-20T01:35:55.000Z,https://universalis.app/market/2729
2731,Silver Magnifiers,Mia Hatori,3000,1,2024-03-29T04:22:13.000Z,https://universalis.app/market/2731
2733,Velveteen Wedge Cap of Crafting,Kayla Lykke,20000,1,2024-04-06T20:03:37.000Z,https://universalis.app/market/2733
2734,Velveteen Wedge Cap of Gathering,Elva Paradyne,7000,1,2024-03-22T06:13:10.000Z,https://universalis.app/market/2734
2735,Silver Circlet (Garnet),Lillith Beelzebub,50000,1,2024-03-30T02:04:47.000Z,https://universalis.app/market/2735
5175,Garnet,Misha Dhol,1000,1,2024-04-11T01:14:50.000Z,https://universalis.app/market/5175
2737,Silver Circlet (Goshenite),Azie Emet,6999,1,2024-03-27T04:24:23.000Z,https://universalis.app/market/2737
5176,Goshenite,Re'van Graysin,450,44,2024-04-03T12:29:29.000Z,https://universalis.app/market/5176
2739,Silver Circlet (Peridot),Magnus King,5000,1,2024-04-06T22:27:31.000Z,https://universalis.app/market/2739
5177,Peridot,Boboogie Wowoogie,3200000,1,2024-04-03T20:11:01.000Z,https://universalis.app/market/5177
2741,Silver Circlet (Heliodor),Galin Malin,6000,1,2024-03-21T18:01:27.000Z,https://universalis.app/market/2741
5178,Heliodor,Morgimir Curwe,1002,2,2024-03-28T22:17:53.000Z,https://universalis.app/market/5178
2743,Silver Circlet (Amethyst),Eclipse Vinux,20000,1,2024-04-10T02:29:12.000Z,https://universalis.app/market/2743
5179,Amethyst,Frobel Zontornum,185,4,2024-03-22T19:45:11.000Z,https://universalis.app/market/5179
2745,Silver Circlet (Aquamarine),Delilah Doree,60000,1,2024-04-13T04:44:54.000Z,https://universalis.app/market/2745
5180,Aquamarine,Damnit Dankim,100,1,2024-03-20T07:09:53.000Z,https://universalis.app/market/5180
2750,Velveteen Beret,Autumn Drake,16898,1,2024-03-28T21:04:26.000Z,https://universalis.app/market/2750
5343,Cotton Boll,Belladonna Styrnlona,699,5,2024-04-07T00:49:46.000Z,https://universalis.app/market/5343
5355,Dodo Feather,Soren Ganajai,500,2,2024-03-19T23:31:56.000Z,https://universalis.app/market/5355
2753,Steel Sallet,Wrath Killmonger,39999,1,2024-03-19T11:48:05.000Z,https://universalis.app/market/2753
2755,Steel Celata,Yuki Eterna,20028,1,2024-03-19T23:34:30.000Z,https://universalis.app/market/2755
2758,Steel Goggles,Tatsumi Foxx,120000,1,2024-03-30T20:27:04.000Z,https://universalis.app/market/2758
2763,Velveteen Sugarloaf Hat,Wind-up Meku,25000,1,2024-04-08T04:21:35.000Z,https://universalis.app/market/2763
2765,Steel Elmo,Kagome Leonheart,49831,1,2024-03-21T00:01:05.000Z,https://universalis.app/market/2765
2767,Skull Eyepatch,Dawn Millz,39930,1,2024-04-05T03:25:42.000Z,https://universalis.app/market/2767
2769,Mythril Magnifiers,Azra Kadazra,16631,1,2024-03-27T03:37:59.000Z,https://universalis.app/market/2769
2774,Mythril Spectacles,Predis Dulce,25000,1,2024-03-23T00:07:27.000Z,https://universalis.app/market/2774
2776,Linen Turban,Xx Ravus,25180,1,2024-04-04T19:45:22.000Z,https://universalis.app/market/2776
2778,Angler's Hat,Sager Step-on-me,22033,1,2024-04-13T02:47:22.000Z,https://universalis.app/market/2778
2779,Linen Hat,Ayleth Damsca,30000,1,2024-04-05T11:36:11.000Z,https://universalis.app/market/2779
2785,Vintage Chef's Hat,Nuala Maani,42048,1,2024-04-06T03:44:24.000Z,https://universalis.app/market/2785
2657,Ripped Chef's Hat,Ori Yora,12000,1,2024-03-26T09:07:21.000Z,https://universalis.app/market/2657
2786,Steel Barbut,Kagome Leonheart,60000,1,2024-03-24T01:47:16.000Z,https://universalis.app/market/2786
2788,Boarskin Pot Helm,Isame Higurashi,15000,1,2024-04-01T04:44:20.000Z,https://universalis.app/market/2788
2790,Mythril Circlet (Rubellite),Alys Nieve,27500,1,2024-04-04T18:58:37.000Z,https://universalis.app/market/2790
5181,Rubellite,Doyuyu Doyu,900,2,2024-03-22T12:40:41.000Z,https://universalis.app/market/5181
2792,Mythril Circlet (Zircon),Faei Bishop,5000,1,2024-03-30T00:49:28.000Z,https://universalis.app/market/2792
5182,Zircon,Lavender Rose,1100,2,2024-04-14T11:36:25.000Z,https://universalis.app/market/5182
2794,Mythril Circlet (Tourmaline),Storm Nyteweaver,10041,1,2024-04-08T22:13:45.000Z,https://universalis.app/market/2794
2796,Mythril Circlet (Amber),Althea Kil'vin,4499,1,2024-04-13T04:29:25.000Z,https://universalis.app/market/2796
5184,Amber,Rose Fox,5000,1,2024-04-06T15:17:07.000Z,https://universalis.app/market/5184
2798,Mythril Circlet (Spinel),La'kota Nightstar,10000,1,2024-04-08T07:29:10.000Z,https://universalis.app/market/2798
5185,Spinel,Amy Laracyn,3500,9,2024-03-29T23:14:05.000Z,https://universalis.app/market/5185
2800,Mythril Circlet (Turquoise),Drako Azora,2000,1,2024-03-19T18:52:22.000Z,https://universalis.app/market/2800
5186,Turquoise,Tio Tot,525,2,2024-03-22T20:14:55.000Z,https://universalis.app/market/5186
2802,Mythril Elmo,Skyla Brightmore,27000,1,2024-04-02T21:04:43.000Z,https://universalis.app/market/2802
2804,Linen Wedge Cap of Crafting,Oro Borus,7000,1,2024-03-21T09:30:44.000Z,https://universalis.app/market/2804
2805,Linen Wedge Cap of Gathering,Azura Highwind,40000,1,2024-04-10T20:13:56.000Z,https://universalis.app/market/2805
2806,Woolen Coif,Ko Fi,30000,1,2024-03-27T22:46:01.000Z,https://universalis.app/market/2806
5328,Undyed Woolen Cloth,Kayuza Yayreza,15001,4,2024-03-21T03:49:36.000Z,https://universalis.app/market/5328
2808,Woolen Coif of Gathering,Addalyde Whiskers,25000,1,2024-03-24T20:06:56.000Z,https://universalis.app/market/2808
2810,Woolen Turban,Hy Katt,24994,1,2024-04-04T07:02:46.000Z,https://universalis.app/market/2810
2812,Mythril Celata,Chibi Kun,30046,1,2024-04-09T00:19:00.000Z,https://universalis.app/market/2812
5089,Mythril Rings,Maius Lux-aurelius,2000,1,2024-04-02T00:20:14.000Z,https://universalis.app/market/5089
2814,Woolen Hat,About Blank,50000,1,2024-03-21T07:58:15.000Z,https://universalis.app/market/2814
2816,Linen Deerstalker,Tooti's Poobi,30000,1,2024-03-31T22:17:01.000Z,https://universalis.app/market/2816
2817,Mythril Barbut,Kazhira Amiabant,25000,1,2024-03-30T15:15:30.000Z,https://universalis.app/market/2817
2819,Mythril Mesail,Anya Dawnblade,35000,1,2024-04-07T01:49:19.000Z,https://universalis.app/market/2819
2825,Ranger's Hat,Drahcma Lipnoon,2000,1,2024-03-31T18:57:30.000Z,https://universalis.app/market/2825
2827,Mythril Chain Coif,Chris Jones,20000,1,2024-03-20T08:55:32.000Z,https://universalis.app/market/2827
2829,Woolen Beret,Osknru Xbfikm,500000000,1,2024-03-20T18:14:58.000Z,https://universalis.app/market/2829
5348,Apkallu Down,Suvd Tumet,2000,1,2024-04-10T22:44:32.000Z,https://universalis.app/market/5348
2830,Reinforced Mythril Elmo,Felton Dezhra,49000,1,2024-04-04T16:54:54.000Z,https://universalis.app/market/2830
2832,Woolen Cavalier's Hat,Halsyan Daze,19850,1,2024-03-31T11:12:44.000Z,https://universalis.app/market/2832
2834,Cobalt Preserves,Sumire Tenshi,30048,1,2024-03-21T17:05:29.000Z,https://universalis.app/market/2834
2835,Felt Coif,Drako Azora,10000,1,2024-03-19T18:52:54.000Z,https://universalis.app/market/2835
2837,Felt Coif of Gathering,Josephine Yamato,19700,1,2024-03-30T04:20:20.000Z,https://universalis.app/market/2837
2850,Cobalt Elmo,Koto Yeong,19799,1,2024-04-02T09:31:34.000Z,https://universalis.app/market/2850
2852,Felt Hat,Gisela Westlake,50000,1,2024-03-22T18:05:46.000Z,https://universalis.app/market/2852
2854,Woolen Deerstalker,Jha'de Jordi,13995,1,2024-04-12T18:43:06.000Z,https://universalis.app/market/2854
2855,Vintage Jester's Cap,Alice Nuln'zer,25000,1,2024-04-01T00:59:18.000Z,https://universalis.app/market/2855
2702,Moldering Jester's Cap,Renari Invictus,2999,1,2024-04-06T03:30:56.000Z,https://universalis.app/market/2702
2857,Electrum Monocle,Kou Ayame,99000,1,2024-04-14T13:31:14.000Z,https://universalis.app/market/2857
5087,Brass Rings,Jagannath Dragonheart,150,2,2024-04-05T19:55:51.000Z,https://universalis.app/market/5087
2859,Cobalt Barbut,Ladybug Kay,30000,1,2024-03-20T23:11:40.000Z,https://universalis.app/market/2859
2861,Cobalt Mesail,Exodus Calibur,55000,1,2024-03-28T13:51:11.000Z,https://universalis.app/market/2861
2862,Raptorskin Pot Helm,Valgrim Nightbane,50000,1,2024-04-06T20:21:11.000Z,https://universalis.app/market/2862
2870,Electrum Circlet (Rubellite),Rei Tatsuya,49750,1,2024-03-19T20:51:15.000Z,https://universalis.app/market/2870
2872,Electrum Circlet (Zircon),Khaja Mol,35555,1,2024-03-26T12:05:05.000Z,https://universalis.app/market/2872
2874,Electrum Circlet (Tourmaline),M'yria Keihas,15789,1,2024-03-25T07:16:10.000Z,https://universalis.app/market/2874
2876,Electrum Circlet (Amber),Drako Azora,29000,1,2024-03-19T18:53:09.000Z,https://universalis.app/market/2876
2878,Electrum Circlet (Spinel),Khaja Mol,44440,1,2024-03-26T12:04:59.000Z,https://universalis.app/market/2878
2880,Electrum Circlet (Turquoise),Anya Dawnblade,4448,1,2024-03-26T02:04:37.000Z,https://universalis.app/market/2880
2884,Cobalt Chain Coif,Lard Derigible,17000,1,2024-04-04T02:22:46.000Z,https://universalis.app/market/2884
5084,Cobalt Rings,Vulgaris Magistralis,600,2,2024-04-13T19:10:16.000Z,https://universalis.app/market/5084
2886,Felt Beret,Sun Wu'kong,39989,1,2024-03-29T14:31:59.000Z,https://universalis.app/market/2886
2888,Vintage Coif,Lilly Ariti,40000,1,2024-03-27T05:20:30.000Z,https://universalis.app/market/2888
2759,Torn Coif,Renari Invictus,24992,1,2024-04-05T02:30:41.000Z,https://universalis.app/market/2759
2889,Cobalt Celata,Anya Dawnblade,2762,1,2024-03-21T15:16:21.000Z,https://universalis.app/market/2889
2891,Felt Cavalier's Hat,Maximilien Lamar,30000,1,2024-03-30T17:41:43.000Z,https://universalis.app/market/2891
2893,Cobalt Sallet,Hegott Thudripp,50003,1,2024-04-06T18:11:28.000Z,https://universalis.app/market/2893
2895,Patrician's Wedge Cap,Skyla Brightmore,55554,1,2024-03-27T15:30:11.000Z,https://universalis.app/market/2895
2911,Militia Barbut,Crystal Silmari,10000,1,2024-04-04T19:07:11.000Z,https://universalis.app/market/2911
2912,Militia Armet,Reacyn Pogue,2175,1,2024-03-30T03:32:16.000Z,https://universalis.app/market/2912
2913,Militia Hat,Solulu Sulu,2995,1,2024-03-27T07:28:20.000Z,https://universalis.app/market/2913
2915,Silver Tricorne,Lucine Kurage,17775,1,2024-03-20T23:29:42.000Z,https://universalis.app/market/2915
5287,Uraeus Leather,Kayuza Yayreza,10000,4,2024-04-13T02:00:05.000Z,https://universalis.app/market/5287
2920,Carpenter's Hood,Lilly Ariti,30063,1,2024-04-01T18:00:20.000Z,https://universalis.app/market/2920
2921,Blacksmith's Goggles,Carman Caelum,19999,1,2024-04-11T02:36:41.000Z,https://universalis.app/market/2921
2922,Armorer's Visor,Aenyxtheis Elyseios,15000,1,2024-04-09T14:02:06.000Z,https://universalis.app/market/2922
2923,Goldsmith's Turban,Devilslayer Soulthief,24990,1,2024-03-22T01:39:09.000Z,https://universalis.app/market/2923
2924,Leatherworker's Hat,Hanekawa Kett,40000,1,2024-03-22T19:06:58.000Z,https://universalis.app/market/2924
2925,Weaver's Gibus,Joobi Doobi,28000,1,2024-03-31T10:24:04.000Z,https://universalis.app/market/2925
2926,Alchemist's Monocle,King Bruiser,35000,1,2024-04-08T19:58:17.000Z,https://universalis.app/market/2926
2927,Culinarian's Hat,Joobi Doobi,4000,1,2024-03-29T05:10:32.000Z,https://universalis.app/market/2927
2928,Hamlet Digger's Helmet,Zendus Pendragon,99999,1,2024-04-01T20:34:27.000Z,https://universalis.app/market/2928
2929,Hamlet Cutter's Hat,Zephyr Flux,49995,1,2024-03-28T22:47:13.000Z,https://universalis.app/market/2929
2930,Hamlet Puller's Hat,Ambrosia Naumits,40000,1,2024-04-02T18:42:45.000Z,https://universalis.app/market/2930
2932,Rose Gold Circlet,Astrid Hazelwood,5000,1,2024-03-24T03:53:19.000Z,https://universalis.app/market/2932
2931,Legionary Visor,Yugi Sama,855000000,1,2024-03-26T15:07:59.000Z,https://universalis.app/market/2931
5067,Rose Gold Ingot,Joey Wheeler,3000,99,2024-03-24T06:55:33.000Z,https://universalis.app/market/5067
2933,Imperial Operative Tricorne,Yuri Fangirl,3500,1,2024-03-22T18:12:57.000Z,https://universalis.app/market/2933
2934,Imperial Operative Hat,Nesta Greshammy,3500,1,2024-03-28T00:08:54.000Z,https://universalis.app/market/2934
2938,Gryphonskin Bandana,Reacyn Pogue,3100,1,2024-03-30T03:32:01.000Z,https://universalis.app/market/2938
5289,Hard Hippogryph Leather,Novus Kuromatsu,7000,1,2024-04-13T22:35:45.000Z,https://universalis.app/market/5289
2939,Gryphonskin Hat,Yuri Fangirl,2495,1,2024-03-22T18:12:33.000Z,https://universalis.app/market/2939
2940,Darksteel Chain Coif,Iri Yatsurugi,2997,1,2024-03-26T18:41:47.000Z,https://universalis.app/market/2940
5085,Darksteel Rings,Silent Fang,203,99,2024-04-06T20:35:58.000Z,https://universalis.app/market/5085
2941,Vanya Hat of Casting,A'marhi Strifee-osuh,25000,1,2024-04-06T19:54:10.000Z,https://universalis.app/market/2941
5577,Vanya Silk Hat Lining,Constance Nuvelle,1775,1,2024-04-05T02:41:43.000Z,https://universalis.app/market/5577
2942,Vanya Hat of Healing,Cele Brimbor,8999,1,2024-03-30T07:06:30.000Z,https://universalis.app/market/2942
2958,Hempen Dalmatica,Helio Shasta,1999,1,2024-03-26T18:53:36.000Z,https://universalis.app/market/2958
2959,Hempen Dalmatica of Gathering,Khaika Selsos,2000,1,2024-03-19T21:28:15.000Z,https://universalis.app/market/2959
2960,Hempen Tunic,Roselie Graymane,20000000,1,2024-03-23T22:16:44.000Z,https://universalis.app/market/2960
2961,Hempen Kurta,Princess Shortcake,255000000,1,2024-03-25T19:34:15.000Z,https://universalis.app/market/2961
2993,Company Tabard,Xavi Babi,1465000,1,2024-04-15T02:23:24.000Z,https://universalis.app/market/2993
2996,Hempen Undershirt,Rukia Himejima,6300,1,2024-03-20T11:46:25.000Z,https://universalis.app/market/2996
2997,Hempen Camise,Mango Parfait,30000000,1,2024-03-26T01:28:48.000Z,https://universalis.app/market/2997
2999,Hempen Tabard,Y'xekara Atziri,15000,1,2024-03-27T05:00:47.000Z,https://universalis.app/market/2999
3000,Hempen Cowl,Eve Bylight,4500000,1,2024-03-27T21:21:40.000Z,https://universalis.app/market/3000
3001,Hempen Shepherd's Tunic,Enoch Sol,40000,1,2024-04-01T05:45:24.000Z,https://universalis.app/market/3001
3008,Hempen Acton,Tiana Sidhe-augurelt,3900,1,2024-04-11T20:09:53.000Z,https://universalis.app/market/3008
5341,Moko Grass,Windup Cliaux,170,54,2024-03-23T01:49:24.000Z,https://universalis.app/market/5341
3010,Hempen Halfrobe,Matsu Merry,25000,1,2024-03-20T00:53:11.000Z,https://universalis.app/market/3010
3011,Bronze Haubergeon,Alice Lihzeh,2500,1,2024-03-22T07:50:45.000Z,https://universalis.app/market/3011
3013,Amateur's Doublet Vest,About Blank,9995,1,2024-03-25T05:31:35.000Z,https://universalis.app/market/3013
3014,Amateur's Kurta,Yuki Firebird,7995,1,2024-03-29T00:31:48.000Z,https://universalis.app/market/3014
3015,Amateur's Dalmatica,Div Qq,80000000,1,2024-04-07T20:51:53.000Z,https://universalis.app/market/3015
3016,Leather Jacket,J'nasshym Lufkin,2398,1,2024-03-23T06:40:43.000Z,https://universalis.app/market/3016
3017,Hard Leather Harness,Casper Hrisos,10000,1,2024-03-23T21:36:52.000Z,https://universalis.app/market/3017
3018,Hempen Robe,Jenni Code,1500,1,2024-03-21T01:21:16.000Z,https://universalis.app/market/3018
3019,Hempen Doublet Vest of Crafting,Alastor Kaplan,5000,1,2024-03-22T03:17:45.000Z,https://universalis.app/market/3019
3020,Hempen Doublet Vest of Gathering,Suvd Tumet,24999,1,2024-04-13T23:14:39.000Z,https://universalis.app/market/3020
3022,Cotton Shirt,Autumn Drake,3500,1,2024-03-20T20:49:21.000Z,https://universalis.app/market/3022
3023,Cotton Shepherd's Tunic,Lou Zarr,50000,1,2024-03-23T15:39:15.000Z,https://universalis.app/market/3023
3024,Cotton Cowl,Kiru Nightbane,7995,1,2024-03-24T21:35:58.000Z,https://universalis.app/market/3024
3026,Bronze Cuirass,Tearea Forelia,819,1,2024-04-03T00:29:14.000Z,https://universalis.app/market/3026
3028,Cotton Tabard,Tech Gawd,34995,1,2024-03-30T03:42:30.000Z,https://universalis.app/market/3028
3036,Cotton Dalmatica,Alastor Kaplan,5000,1,2024-03-23T02:45:15.000Z,https://universalis.app/market/3036
3038,Cotton Dalmatica of Gathering,About Blank,20000,1,2024-03-22T23:17:24.000Z,https://universalis.app/market/3038
3039,Cotton Acton,Yohan I'iloue,29999,1,2024-03-26T23:36:54.000Z,https://universalis.app/market/3039
3041,Cotton Kurta,Hildr Valkyrin,74899,1,2024-03-24T22:04:30.000Z,https://universalis.app/market/3041
3043,Goatskin Jacket,Alastar Kuroi,900,1,2024-03-25T01:29:28.000Z,https://universalis.app/market/3043
3045,Iron Cuirass,Ancient Warmind,10000,1,2024-03-27T04:34:18.000Z,https://universalis.app/market/3045
3050,Cotton Halfrobe,Galvin Swiftheart,5500,1,2024-04-04T22:04:05.000Z,https://universalis.app/market/3050
3052,Cotton Doublet Vest of Crafting,Carman Caelum,49999,1,2024-04-04T23:54:31.000Z,https://universalis.app/market/3052
3053,Cotton Doublet Vest of Gathering,Nymeia Night,40000,1,2024-04-07T17:25:24.000Z,https://universalis.app/market/3053
3057,Iron Scale Mail,Azathiel Claywork,24995,1,2024-03-25T00:32:00.000Z,https://universalis.app/market/3057
3060,Cotton Trapper's Tunic,Dark Orta,9500,1,2024-04-09T18:21:49.000Z,https://universalis.app/market/3060
3062,Cotton Robe,Storm Nyteweaver,24935,1,2024-04-08T06:18:06.000Z,https://universalis.app/market/3062
3064,Initiate's Doublet Vest,Tiny Pickles,22500,1,2024-03-27T06:13:51.000Z,https://universalis.app/market/3064
3065,Initiate's Gown,Bad Guy,1250,1,2024-04-04T05:32:27.000Z,https://universalis.app/market/3065
3066,Velveteen Shirt,Tech Gawd,15000,1,2024-03-30T05:20:21.000Z,https://universalis.app/market/3066
3068,Heavy Iron Armor,Alt Two,20000,1,2024-03-20T01:36:09.000Z,https://universalis.app/market/3068
3076,Vintage Coatee,Lilly Ariti,51000,1,2024-04-01T18:17:02.000Z,https://universalis.app/market/3076
3009,Moth-eaten Coatee,Living Sky,2750,1,2024-03-30T21:49:47.000Z,https://universalis.app/market/3009
3077,Velveteen Coatee of Crafting,Saki Tac,49755,1,2024-03-26T21:56:42.000Z,https://universalis.app/market/3077
3090,Velveteen Cowl,Azazel Blaze,21995,1,2024-04-01T10:32:24.000Z,https://universalis.app/market/3090
3092,Velveteen Coatee of Gathering,Nih Lus,40000,1,2024-04-11T23:59:16.000Z,https://universalis.app/market/3092
3096,Steel Chainmail,Kohaku Kurohana,54444,1,2024-03-19T23:25:04.000Z,https://universalis.app/market/3096
5083,Steel Rings,Hikari Miketsukami,999,3,2024-04-04T07:58:54.000Z,https://universalis.app/market/5083
3099,Toadskin Jerkin,Sephira Sol,30000,1,2024-04-10T23:45:38.000Z,https://universalis.app/market/3099
3100,Toadskin Jacket,Tech Gawd,40000,1,2024-03-31T05:46:46.000Z,https://universalis.app/market/3100
3102,Steel Cuirass,Alt Two,20046,1,2024-03-25T21:36:05.000Z,https://universalis.app/market/3102
3104,Velveteen Gown,Lilly Ariti,20000,1,2024-04-10T16:53:14.000Z,https://universalis.app/market/3104
3105,Vintage Doublet Vest,Sakura Aino,100000,1,2024-03-28T22:46:05.000Z,https://universalis.app/market/3105
2998,Frayed Cotton Doublet Vest,Haru Osamu,5000,1,2024-03-22T03:16:36.000Z,https://universalis.app/market/2998
3106,Velveteen Robe,Lucian Lycangard,50000,1,2024-04-09T15:08:55.000Z,https://universalis.app/market/3106
3118,Steel Scale Mail,Drifa Strangelove,30000,1,2024-04-06T23:20:20.000Z,https://universalis.app/market/3118
3120,Velveteen Doublet Vest of Crafting,Oro Borus,35500,1,2024-03-21T04:01:07.000Z,https://universalis.app/market/3120
3121,Velveteen Doublet Vest of Gathering,About Blank,46000,1,2024-03-21T21:53:42.000Z,https://universalis.app/market/3121
3125,Linen Shirt,Kairoz Ymir,19975,1,2024-04-14T15:17:20.000Z,https://universalis.app/market/3125
3127,Heavy Steel Armor,Xx Ravus,30000,1,2024-04-04T19:45:38.000Z,https://universalis.app/market/3127
3131,Linen Robe,Milina Ankou,25000,1,2024-03-28T20:03:30.000Z,https://universalis.app/market/3131
3137,Vintage Chef's Apron,Zilla Bell,35000,1,2024-03-24T02:02:18.000Z,https://universalis.app/market/3137
3012,Stained Chef's Apron,Ori Yora,2000,1,2024-03-26T09:01:29.000Z,https://universalis.app/market/3012
3138,Boarskin Harness,Tiny Pickles,50065,1,2024-03-21T06:51:03.000Z,https://universalis.app/market/3138
3140,Linen Cowl,Noelle Stormsinger,20000,1,2024-03-27T04:40:28.000Z,https://universalis.app/market/3140
3142,Horn Scale Mail,I'she Thi,40500,1,2024-04-02T14:09:15.000Z,https://universalis.app/market/3142
3144,Linen Coatee of Crafting,Oro Borus,59995,1,2024-03-21T09:30:55.000Z,https://universalis.app/market/3144
3145,Linen Coatee of Gathering,Livia Shepherd,14995,1,2024-04-05T07:31:07.000Z,https://universalis.app/market/3145
3146,Linen Bliaud,Ouka Ootori,30000,1,2024-03-26T00:53:05.000Z,https://universalis.app/market/3146
3147,Woolen Shirt,Ferrous Arodica,15000,1,2024-04-14T03:09:25.000Z,https://universalis.app/market/3147
3149,Mythril Cuirass,Dorfstance Lil'pants,37000,1,2024-03-19T18:23:16.000Z,https://universalis.app/market/3149
3160,Woolen Robe,Blue Hiei,25000,1,2024-03-19T18:38:02.000Z,https://universalis.app/market/3160
3162,Linen Smock,Devilslayer Soulthief,35000,1,2024-03-20T02:50:02.000Z,https://universalis.app/market/3162
3163,Linen Doublet,Pollo Scratch,29745,1,2024-03-25T04:17:19.000Z,https://universalis.app/market/3163
3164,Vintage Scale Mail,Minute Hour,31578,1,2024-03-31T04:09:56.000Z,https://universalis.app/market/3164
3021,Blackened Scale Mail,Azilloth Ebonheart,27000,1,2024-03-29T12:15:57.000Z,https://universalis.app/market/3021
3165,Peisteskin Harness,Zenith Gray,39999,1,2024-03-23T17:53:39.000Z,https://universalis.app/market/3165
3172,Ranger's Tunic,Rivv Amolen,20000,1,2024-04-13T22:25:20.000Z,https://universalis.app/market/3172
3174,Mythril Haubergeon,Ballpark Hotdogs,29650,1,2024-04-02T00:30:16.000Z,https://universalis.app/market/3174
3176,Woolen Gown,Kairoz Ymir,50975,1,2024-04-14T15:18:00.000Z,https://universalis.app/market/3176
3177,Boarskin Jerkin,Sumire Tenshi,29999,1,2024-03-21T17:06:44.000Z,https://universalis.app/market/3177
3178,Woolen Bliaud,Annelise Golmarr,9999,1,2024-03-19T21:24:00.000Z,https://universalis.app/market/3178
3180,High Mythril Armor,Willow Andorien,55000,1,2024-03-20T06:41:57.000Z,https://universalis.app/market/3180
3182,Vintage Seneschal Coatee,Cynthia Reuleaux,50000,1,2024-03-22T08:06:32.000Z,https://universalis.app/market/3182
3098,Moth-eaten Seneschal Coatee,Renari Invictus,10000,1,2024-04-06T03:30:38.000Z,https://universalis.app/market/3098
3183,Tortoiseshell Scale Mail,Lockstep Ailoss,50000,1,2024-03-21T00:15:33.000Z,https://universalis.app/market/3183
3185,Felt Robe,Skyla Brightmore,50094,1,2024-03-25T04:57:22.000Z,https://universalis.app/market/3185
3187,Woolen Smock,Cin Fate,10000,1,2024-03-31T01:44:32.000Z,https://universalis.app/market/3187
3188,Woolen Doublet,Nymeia Night,20000,1,2024-04-07T00:43:54.000Z,https://universalis.app/market/3188
3191,Raptorskin Harness,Willow Lunasulor,25000,1,2024-03-27T22:30:01.000Z,https://universalis.app/market/3191
3193,Woolen Cowl,Testiqleeze Meetus,3000,1,2024-04-12T15:11:36.000Z,https://universalis.app/market/3193
3201,Rainmaker's Tunic,Meringue Vanille,60000,1,2024-04-07T23:06:45.000Z,https://universalis.app/market/3201
3203,Cobalt Haubergeon,Pepper Nerbsdottir,55555,1,2024-03-28T04:00:42.000Z,https://universalis.app/market/3203
3205,Felt Gown,Rajin Belmont,19998,1,2024-03-29T08:07:11.000Z,https://universalis.app/market/3205
3206,Raptorskin Jerkin,Dmitrycles Shiney,55555,1,2024-03-24T19:14:03.000Z,https://universalis.app/market/3206
3208,Vintage Robe,Solulu Sulu,29999,1,2024-03-23T23:22:54.000Z,https://universalis.app/market/3208
3108,Tattered Robe,Shumino Ingrid,3595,1,2024-03-31T23:06:57.000Z,https://universalis.app/market/3108
3209,Cobalt Cuirass,Anya Dawnblade,23904,1,2024-03-21T15:15:10.000Z,https://universalis.app/market/3209
3211,Felt Bliaud,Shady Deed,48249,1,2024-04-11T05:49:07.000Z,https://universalis.app/market/3211
3213,Raptorskin Jacket,Psyconia Serio,38000,1,2024-03-24T01:36:21.000Z,https://universalis.app/market/3213
3215,Patrician's Coatee,Cyn V'naress,60109,1,2024-03-29T01:13:04.000Z,https://universalis.app/market/3215
3218,Vintage Haubergeon,Eesa Crumb,60000,1,2024-03-23T00:46:53.000Z,https://universalis.app/market/3218
3059,Ripped Haubergeon,Almond Pocky,299,1,2024-04-09T00:36:56.000Z,https://universalis.app/market/3059
3229,Carpenter's Gown,Quillreht Pandora,13900,1,2024-03-22T22:11:55.000Z,https://universalis.app/market/3229
3230,Blacksmith's Apron,Hildr Valkyrin,85000,1,2024-03-25T16:42:32.000Z,https://universalis.app/market/3230
3231,Armorer's Gown,Khalit Ugunda,18499,1,2024-04-11T01:40:02.000Z,https://universalis.app/market/3231
3232,Goldsmith's Doublet,Hanekawa Kett,45000,1,2024-03-25T18:57:17.000Z,https://universalis.app/market/3232
3233,Leatherworker's Shirt,Hanekawa Kett,29999,1,2024-03-22T19:07:03.000Z,https://universalis.app/market/3233
3234,Weaver's Swallowtail,Joobi Doobi,59999,1,2024-03-31T10:24:14.000Z,https://universalis.app/market/3234
3235,Alchemist's Coat,Khang Kazuma,38999,1,2024-03-21T08:38:52.000Z,https://universalis.app/market/3235
3236,Culinarian's Apron,Red Sabandija,35000,1,2024-03-23T19:50:11.000Z,https://universalis.app/market/3236
3237,Miner's Shirt,Crystal Lotus,40000,1,2024-03-20T07:23:19.000Z,https://universalis.app/market/3237
3238,Botanist's Doublet,Lylia Lilimasthu,69900,1,2024-03-24T08:28:49.000Z,https://universalis.app/market/3238
3240,Militia Robe,Ruujyl Viirst,3998,1,2024-03-27T01:53:31.000Z,https://universalis.app/market/3240
3241,Militia Cuirass,Iri Yatsurugi,2000,1,2024-03-26T18:47:42.000Z,https://universalis.app/market/3241
3242,Militia Harness,Xeromas Somnus,46001,1,2024-03-24T06:20:06.000Z,https://universalis.app/market/3242
3243,Mosshorn Scale Mail,Jayden Mace,52500,1,2024-04-02T22:56:42.000Z,https://universalis.app/market/3243
5437,Mossy Horn,Honeyney Honey,249,1,2024-04-07T22:47:45.000Z,https://universalis.app/market/5437
3244,Dodore Doublet,Khojin Izuki,35000,1,2024-04-15T09:47:24.000Z,https://universalis.app/market/3244
5286,Dodore Leather,Walon Yggdrasil,3497,2,2024-04-03T15:27:23.000Z,https://universalis.app/market/5286
3249,Imperial Operative Dalmatica,Ruujyl Viirst,4999,1,2024-03-27T01:53:18.000Z,https://universalis.app/market/3249
3256,Heavy Darksteel Armor,Jesting Griffin,6500,1,2024-03-20T11:43:37.000Z,https://universalis.app/market/3256
5585,Darksteel Breastplate,Lexii Banhmi,2699,2,2024-03-25T02:15:05.000Z,https://universalis.app/market/5585
3257,Darksteel Haubergeon,Tummi Yuri,2900,1,2024-04-02T18:52:14.000Z,https://universalis.app/market/3257
