id,name,buyerName,pricePerUnit,quantity,timestamp,universalisUrl
1602,Bronze Bastard Sword,Ereg Ia,4999,1,2024-05-25T17:32:59.000Z,https://universalis.app/market/1602
2,Fire Shard,Charlie Manson,175,55,2024-05-08T18:14:41.000Z,https://universalis.app/market/2
5,Earth Shard,Blue Nova,600,500,2024-05-08T02:39:20.000Z,https://universalis.app/market/5
5056,Bronze Ingot,Cynthia Lacroix,1500,1,2024-05-13T01:41:04.000Z,https://universalis.app/market/5056
5361,Maple Lumber,Laddy Varra,501,13,2024-05-14T20:31:30.000Z,https://universalis.app/market/5361
5432,Bone Chip,Tisiphone Kore,201,40,2024-05-20T19:27:48.000Z,https://universalis.app/market/5432
1603,Viking Sword,Gigolo Byte,17998,1,2024-05-12T00:29:37.000Z,https://universalis.app/market/1603
5275,Leather,Demond Cat,400,2,2024-05-30T22:35:28.000Z,https://universalis.app/market/5275
1604,Ash Macuahuitl,Camilla Darkness,999,1,2024-05-05T03:33:14.000Z,https://universalis.app/market/1604
3,Ice Shard,Yoshii Piere,1000,20,2024-05-11T19:05:06.000Z,https://universalis.app/market/3
4,Wind Shard,Blue Nova,5001,100,2024-05-08T02:38:44.000Z,https://universalis.app/market/4
5124,Obsidian,Dzoldzaya Ugund,2000,1,2024-05-26T20:33:19.000Z,https://universalis.app/market/5124
5364,Ash Lumber,Salsa Mai,2000,13,2024-05-25T05:10:28.000Z,https://universalis.app/market/5364
1605,Bronze Spatha,Yinyinji Yinji,10000,1,2024-05-22T04:09:30.000Z,https://universalis.app/market/1605
5276,Hard Leather,Aurora Fae,352,1,2024-05-14T17:08:47.000Z,https://universalis.app/market/5276
5434,Ram Horn,Darkeve Delholm,400,99,2024-05-11T01:12:03.000Z,https://universalis.app/market/5434
1607,Brass Bastard Sword,Garrus Flameborn,5009,1,2024-05-26T00:11:17.000Z,https://universalis.app/market/1607
5063,Brass Ingot,Nox Emylien,1000,1,2024-05-23T16:11:11.000Z,https://universalis.app/market/5063
1609,Brass Viking Sword,Harriet Montgomery,10011,1,2024-05-05T22:13:54.000Z,https://universalis.app/market/1609
5277,Aldgoat Leather,Maeva Raine,6000,10,2024-05-24T16:57:21.000Z,https://universalis.app/market/5277
1611,Carnage Sword,Strawberry Sundae,20030000,1,2024-05-17T01:37:37.000Z,https://universalis.app/market/1611
1614,Iron Shortsword,Artemis Finn,2500,1,2024-05-15T07:45:03.000Z,https://universalis.app/market/1614
5057,Iron Ingot,Nagato- Uzumaki,1000,1,2024-05-04T23:28:48.000Z,https://universalis.app/market/5057
5367,Elm Lumber,Bubuzan Chachazan,1200,99,2024-05-15T05:50:48.000Z,https://universalis.app/market/5367
1622,Iron Spatha,Flying Pillow,3000,1,2024-05-07T14:30:56.000Z,https://universalis.app/market/1622
5435,Antelope Horn,Copper Vine,2300,1,2024-05-12T23:18:54.000Z,https://universalis.app/market/5435
1625,Steel Broadsword,Token Eastwood,16000,1,2024-05-04T23:21:29.000Z,https://universalis.app/market/1625
5058,Steel Ingot,Helba Ahieress,2250,1,2024-05-05T21:54:57.000Z,https://universalis.app/market/5058
5371,Walnut Lumber,Mystery Highwind,5000,1,2024-05-07T12:12:36.000Z,https://universalis.app/market/5371
5444,Wolf Fang,Mariska Divine,1000,1,2024-05-15T05:52:27.000Z,https://universalis.app/market/5444
1627,Elm Macuahuitl,Kira Kurogane,800,1,2024-05-06T00:13:13.000Z,https://universalis.app/market/1627
1633,Steel Falchion,Gus Chiggins,9037,1,2024-05-14T04:32:27.000Z,https://universalis.app/market/1633
5260,Siltstone Whetstone,Mariska Divine,2500,2,2024-05-15T06:10:13.000Z,https://universalis.app/market/5260
1635,Vintage Bastard Sword,Welos Aldmeira,7777,1,2024-05-04T12:53:59.000Z,https://universalis.app/market/1635
8,Fire Crystal,Loe Punni,99,9000,2024-05-19T03:07:01.000Z,https://universalis.app/market/8
5259,Mudstone Whetstone,Mango Grande,1000,1,2024-05-16T00:06:44.000Z,https://universalis.app/market/5259
1637,Walnut Macuahuitl,Fluox Etine,5000,1,2024-05-16T04:43:39.000Z,https://universalis.app/market/1637
5125,Wyvern Obsidian,Bettenhausen Leonhart,4000,1,2024-05-23T14:52:54.000Z,https://universalis.app/market/5125
1639,Steel Longsword,Helmiknok Dadestoryer,19999,1,2024-05-30T22:13:29.000Z,https://universalis.app/market/1639
5504,Fish Glue,Mirabell Broadbent,1901,1,2024-05-19T20:11:38.000Z,https://universalis.app/market/5504
1642,Goblin Scimitar,Hito Shizuku,7777,1,2024-05-27T22:41:47.000Z,https://universalis.app/market/1642
1613,Blunt Goblin Scimitar,Gwyn Collier,2500,1,2024-05-28T02:48:53.000Z,https://universalis.app/market/1613
1643,Mythril Broadsword,Chadelico Nightrune,35000,1,2024-05-12T16:02:03.000Z,https://universalis.app/market/1643
5065,Mythril Ingot,Nixie Lyareil,2000,99,2024-05-05T06:19:25.000Z,https://universalis.app/market/5065
5373,Oak Lumber,Galateia Starstrider,3999,10,2024-05-30T04:21:40.000Z,https://universalis.app/market/5373
1648,Vintage Viking Sword,Storm Nyteweaver,50000,1,2024-05-04T04:40:40.000Z,https://universalis.app/market/1648
11,Earth Crystal,Cole Digiorno,400,402,2024-05-19T01:29:57.000Z,https://universalis.app/market/11
1649,Goblin Longsword,Donovan Killinger,14997,1,2024-05-06T04:06:13.000Z,https://universalis.app/market/1649
1621,Blunt Goblin Longsword,Xindame Satoru,2600,1,2024-05-16T05:29:19.000Z,https://universalis.app/market/1621
5262,Basilisk Whetstone,Linea Aesa,1000,1,2024-05-07T21:06:10.000Z,https://universalis.app/market/5262
1650,Plumed Oak Macuahuitl,Jean-paul Frogtre,27950,1,2024-05-07T00:36:01.000Z,https://universalis.app/market/1650
5360,Wildfowl Feather,Hana Kaori,1238,6,2024-05-28T04:52:44.000Z,https://universalis.app/market/5360
1657,Cobalt Katzbalger,Stone Fall,17500,1,2024-05-25T05:20:23.000Z,https://universalis.app/market/1657
5059,Cobalt Ingot,Motoko Kusanyagi,7200,1,2024-05-11T21:30:33.000Z,https://universalis.app/market/5059
5066,Electrum Ingot,Chiull Malqir,7500,1,2024-05-16T08:42:11.000Z,https://universalis.app/market/5066
5282,Boar Leather,Arwynn Ty'vesta,7000,1,2024-05-18T02:30:48.000Z,https://universalis.app/market/5282
1659,Cobalt Shamshir,Azura Highwind,33000,1,2024-05-29T21:20:32.000Z,https://universalis.app/market/1659
5436,Aldgoat Horn,Omni Terasu,1000,3,2024-05-15T05:54:16.000Z,https://universalis.app/market/5436
1663,Cobalt Winglet,David Plaine,50000,1,2024-05-04T08:35:47.000Z,https://universalis.app/market/1663
5374,Mahogany Lumber,Renari Invictus,3500,1,2024-05-04T23:29:39.000Z,https://universalis.app/market/5374
5465,Sunrise Tellin,Sollaeren Guilthana,500,7,2024-05-17T18:53:46.000Z,https://universalis.app/market/5465
5505,Horn Glue,Lycoris Lunaris,5000,5,2024-05-09T01:05:44.000Z,https://universalis.app/market/5505
1666,Giantsgall Longsword,Wynn Knights,4000,1,2024-05-25T05:23:24.000Z,https://universalis.app/market/1666
18,Lightning Cluster,Srinshee Wynd,1001,5,2024-05-15T00:54:56.000Z,https://universalis.app/market/18
19,Water Cluster,Leavy Jesal,349,101,2024-05-19T20:58:18.000Z,https://universalis.app/market/19
7579,Mossy Stone Sword,Shakal Draconis,20,1,2024-05-22T22:00:17.000Z,https://universalis.app/market/7579
7620,Diluted Vitriol,Topher Lee,900,2,2024-05-06T01:56:17.000Z,https://universalis.app/market/7620
1670,Aeolian Scimitar,Akane Kirino,60000,1,2024-05-25T03:57:19.000Z,https://universalis.app/market/1670
1636,Blunt Aeolian Scimitar,Ms Eldari,1800,1,2024-05-08T03:07:18.000Z,https://universalis.app/market/1636
5061,Darksteel Nugget,Miller Star,6000,1,2024-05-05T12:12:31.000Z,https://universalis.app/market/5061
1673,Mailbreaker,Petit Fours,2000,1,2024-05-18T06:09:48.000Z,https://universalis.app/market/1673
14,Fire Cluster,Ulysses Rose,1001,2,2024-05-19T20:23:02.000Z,https://universalis.app/market/14
17,Earth Cluster,Karrus Hargrave,1001,12,2024-05-13T11:54:35.000Z,https://universalis.app/market/17
5068,Rose Gold Nugget,Ularl Faladorin,10000,2,2024-05-11T05:24:14.000Z,https://universalis.app/market/5068
5288,Hippogryph Leather,Maxxie Davis,7770,4,2024-05-29T03:40:28.000Z,https://universalis.app/market/5288
5570,Mailbreaker Blade,Cedrik Winterbane,2100,1,2024-05-11T02:53:42.000Z,https://universalis.app/market/5570
1681,Bone Hora,Zephiro Rainelle,10000000,1,2024-05-23T17:31:13.000Z,https://universalis.app/market/1681
5318,Animal Sinew,Chiull Malqir,500,2,2024-05-18T09:42:48.000Z,https://universalis.app/market/5318
1682,Leather Himantes,Amenie Gamma,10000,1,2024-05-24T13:26:44.000Z,https://universalis.app/market/1682
5324,Undyed Hempen Cloth,Wolf Zezia,500,99,2024-05-04T03:05:52.000Z,https://universalis.app/market/5324
1683,Ramhorn Claws,Starbucks Rhal,1007,1,2024-05-20T09:04:57.000Z,https://universalis.app/market/1683
1684,Bronze Knuckles,Map Lock,25000,1,2024-05-12T14:30:30.000Z,https://universalis.app/market/1684
1685,Hard Leather Himantes,Legend's Pet,1000,1,2024-05-17T05:35:25.000Z,https://universalis.app/market/1685
1686,Brass Knuckles,Yinyinji Yinji,49999,1,2024-05-22T23:39:30.000Z,https://universalis.app/market/1686
1688,Goatskin Cesti,Raikyo Deus,14995,1,2024-05-22T21:23:08.000Z,https://universalis.app/market/1688
5319,Beast Sinew,Lux Sol,500,2,2024-05-27T03:43:24.000Z,https://universalis.app/market/5319
1694,Spiked Knuckles,Sun Crowley,5000,1,2024-05-05T19:39:41.000Z,https://universalis.app/market/1694
5072,Iron Plate,Nyx Rune,400,20,2024-05-25T00:46:26.000Z,https://universalis.app/market/5072
1697,Toadskin Cesti,Spikelee Meatus,4950,1,2024-05-18T19:09:42.000Z,https://universalis.app/market/1697
5280,Toad Leather,Surla Shinobi,4000000,1,2024-05-16T00:34:21.000Z,https://universalis.app/market/5280
5320,Diremite Sinew,Astaralynn Foreshadow,400,15,2024-05-16T15:38:28.000Z,https://universalis.app/market/5320
1699,Steel Claws,Twinti Triduks,5000,1,2024-05-17T08:13:38.000Z,https://universalis.app/market/1699
5073,Steel Plate,Missy Cayden,2001,1,2024-05-21T02:19:34.000Z,https://universalis.app/market/5073
1706,Crabshell Hora,Sarah Mooning,510,1,2024-05-05T12:23:55.000Z,https://universalis.app/market/1706
5321,Hippogryph Sinew,Starlight Dreamweaver,9999,31,2024-05-13T01:58:25.000Z,https://universalis.app/market/5321
5456,Green Megalocrab Shell,Myi' Ke,99,1,2024-05-23T15:26:19.000Z,https://universalis.app/market/5456
1708,Boarskin Himantes,Matatabi Hayashi,10000,1,2024-05-26T03:20:35.000Z,https://universalis.app/market/1708
1711,Mythril Claws,Sarah Mooning,50000,1,2024-05-05T19:07:14.000Z,https://universalis.app/market/1711
5079,Mythril Plate,Smolgia Blaiid,4000,7,2024-05-27T04:49:27.000Z,https://universalis.app/market/5079
1716,Tortoiseshell Hora,Melen Ikari,7500,1,2024-05-29T03:10:20.000Z,https://universalis.app/market/1716
5322,Raptor Sinew,Beansy Breezy,2222,6,2024-05-23T02:02:13.000Z,https://universalis.app/market/5322
5458,Adamantoise Shell,Chururu Churu,95,1,2024-05-05T13:32:48.000Z,https://universalis.app/market/5458
1723,Cobalt Knuckles,Elltara Virkin,38000,1,2024-05-30T04:06:28.000Z,https://universalis.app/market/1723
1728,Peisteskin Cesti,Sun Crowley,6500,1,2024-05-23T02:11:23.000Z,https://universalis.app/market/1728
5284,Peiste Leather,Suvd Tumet,1800,1,2024-05-23T00:39:38.000Z,https://universalis.app/market/5284
1732,Vintage Hora,Sarah Mooning,27000,1,2024-05-06T02:55:36.000Z,https://universalis.app/market/1732
1701,Chipped Hora,Ish Tarataru,10000000,1,2024-05-12T00:35:39.000Z,https://universalis.app/market/1701
5285,Raptor Leather,Momo Mocha,1001,1,2024-05-13T07:58:12.000Z,https://universalis.app/market/5285
1733,Cobalt Claws,Xena Blade,20000,1,2024-05-21T18:19:11.000Z,https://universalis.app/market/1733
5074,Cobalt Plate,Ezra Umbrasol,5000,2,2024-05-04T13:37:11.000Z,https://universalis.app/market/5074
1736,Giantsgall Claws,Zanfina Fancois,1999,1,2024-05-23T16:55:42.000Z,https://universalis.app/market/1736
7581,Mossy Stone Claws,Shakal Draconis,20,1,2024-05-22T22:00:25.000Z,https://universalis.app/market/7581
1740,Wildling's Cesti,Vice Rice,51699,1,2024-05-19T20:43:35.000Z,https://universalis.app/market/1740
10,Wind Crystal,Boo Gdn,1001,25,2024-05-13T09:01:56.000Z,https://universalis.app/market/10
5567,Bloody Cesti Covers,Cedrik Winterbane,2000,1,2024-05-11T02:53:03.000Z,https://universalis.app/market/5567
1743,Avengers,Husband Materia,2999,1,2024-05-23T19:10:50.000Z,https://universalis.app/market/1743
5378,Spruce Lumber,Aenyxtheis Elyseios,5500,5,2024-05-15T05:14:05.000Z,https://universalis.app/market/5378
5571,Avenger Grips,Cedrik Winterbane,2024,2,2024-05-11T02:53:59.000Z,https://universalis.app/market/5571
1750,Bronze War Axe,Akimitsu Myojo,2968,1,2024-05-25T01:47:43.000Z,https://universalis.app/market/1750
1751,Bronze Labrys,Elaine Lennox,3000,1,2024-05-28T02:32:53.000Z,https://universalis.app/market/1751
1752,Cloud Axe,Cav'a Nut,5000,1,2024-05-17T04:18:12.000Z,https://universalis.app/market/1752
1753,Spiked Bronze Labrys,Azura Highwind,45010,1,2024-05-29T20:36:17.000Z,https://universalis.app/market/1753
1754,Iron War Axe,Dorinere Calfslasher,10000,1,2024-05-16T20:08:48.000Z,https://universalis.app/market/1754
1756,Iron Labrys,Jayk Jambalaya,3288,1,2024-05-19T23:55:32.000Z,https://universalis.app/market/1756
1758,Inferno Axe,Smolgia Blaiid,4999,1,2024-05-24T12:00:55.000Z,https://universalis.app/market/1758
1764,Iron Bill,Elaine Lennox,2026,1,2024-05-28T05:45:28.000Z,https://universalis.app/market/1764
4856,Clove Oil,Mjara Rose,300,2,2024-05-10T04:08:40.000Z,https://universalis.app/market/4856
5368,Yew Lumber,Galateia Starstrider,2002,3,2024-05-30T00:54:39.000Z,https://universalis.app/market/5368
1766,Thunderstorm Axe,Victor Wolf,5031,1,2024-05-12T19:27:35.000Z,https://universalis.app/market/1766
5064,Silver Ingot,Naruellia Preswynn,4000,1,2024-05-06T01:12:36.000Z,https://universalis.app/market/5064
1769,Spiked Steel Labrys,Kozi Aegen,4032,1,2024-05-14T10:22:07.000Z,https://universalis.app/market/1769
1776,Steel Bardiche,Wax-on Wax-off,49853,1,2024-05-14T20:09:02.000Z,https://universalis.app/market/1776
5405,Yew Branch,Myi' Ke,2500,1,2024-05-23T14:54:30.000Z,https://universalis.app/market/5405
1778,Steel Bhuj,Morgan Morgan,58000,1,2024-05-05T23:41:07.000Z,https://universalis.app/market/1778
1781,Spiked Mythril Labrys,Aidan Caldwell,50000,1,2024-05-04T22:00:50.000Z,https://universalis.app/market/1781
1786,Mythril Bhuj,Wynn Knights,23999,1,2024-05-05T03:49:06.000Z,https://universalis.app/market/1786
1796,Buccaneer's Bardiche,Toji Zenyasu,53333,1,2024-05-05T22:04:58.000Z,https://universalis.app/market/1796
5414,Rosewood Branch,Lady Fluff,500,1,2024-05-13T15:53:21.000Z,https://universalis.app/market/5414
1800,Vintage Bill,Ninetailed Fox,15000,1,2024-05-09T00:26:31.000Z,https://universalis.app/market/1800
1771,Notched Bill,U'nanami Hime,9699,1,2024-05-17T22:34:09.000Z,https://universalis.app/market/1771
1801,Demilune Bhuj,Rozushi Mistwalker,50000,1,2024-05-25T02:33:27.000Z,https://universalis.app/market/1801
5196,Jadeite,Stone Fall,550,4,2024-05-29T04:52:13.000Z,https://universalis.app/market/5196
1803,Spiked Cobalt Labrys,Crayola Knight,20000,1,2024-05-20T02:21:04.000Z,https://universalis.app/market/1803
5376,Rosewood Lumber,Ivakiir Stark,3500,1,2024-05-06T01:46:33.000Z,https://universalis.app/market/5376
1806,Giantsgall War Axe,Sinor Si,5000,1,2024-05-17T22:52:55.000Z,https://universalis.app/market/1806
7580,Mossy Stone Axe,Shakal Draconis,100,1,2024-05-22T22:00:21.000Z,https://universalis.app/market/7580
1810,Barbarian's Bardiche,Alec Holowka,89600,1,2024-05-19T10:33:29.000Z,https://universalis.app/market/1810
5566,Bloody Bardiche Head,Dinah Valero,10000,1,2024-05-23T04:26:56.000Z,https://universalis.app/market/5566
1813,Rampager,Clive Invictus,3898,1,2024-05-07T17:31:52.000Z,https://universalis.app/market/1813
5075,Darksteel Plate,Vanti Heart,6750,30,2024-05-28T17:11:16.000Z,https://universalis.app/market/5075
5572,Rampager Head,Petit Fours,2000,2,2024-05-18T06:10:36.000Z,https://universalis.app/market/5572
1820,Bone Harpoon,Rina Viras,1998,1,2024-05-10T03:10:04.000Z,https://universalis.app/market/1820
5503,Animal Glue,Illidari Nightfall,350,4,2024-05-29T23:57:12.000Z,https://universalis.app/market/5503
1821,Bronze Spear,Jenyfael Astreia,2000,1,2024-05-23T21:30:32.000Z,https://universalis.app/market/1821
5482,Fish Oil,Dart Vermilion,500,1,2024-05-27T13:53:31.000Z,https://universalis.app/market/5482
1822,Ramhorn Harpoon,Laddy Varra,999,1,2024-05-12T20:15:50.000Z,https://universalis.app/market/1822
1823,Feathered Harpoon,Jilo Kica,14999,1,2024-05-25T18:02:41.000Z,https://universalis.app/market/1823
5352,Crow Feather,Maven Storm,580,7,2024-05-14T19:41:32.000Z,https://universalis.app/market/5352
5433,Soiled Femur,Tisiphone Kore,80,10,2024-05-10T19:56:16.000Z,https://universalis.app/market/5433
1824,Brass Spear,Babs Bunnie,999,1,2024-05-20T01:37:10.000Z,https://universalis.app/market/1824
1825,Iron Spear,Cloudy Vibes,2500,1,2024-05-12T14:58:04.000Z,https://universalis.app/market/1825
1827,Iron Lance,Ra Zetzy,24999,1,2024-05-09T23:03:13.000Z,https://universalis.app/market/1827
1833,Iron Guisarme,Etienne Sukir,4890,1,2024-05-10T08:05:17.000Z,https://universalis.app/market/1833
1836,Silver Battle Fork,Xpork Chopx,10000,1,2024-05-08T04:00:32.000Z,https://universalis.app/market/1836
5484,Crab Oil,Leanansidhe Rayne,5000,1,2024-05-04T05:00:19.000Z,https://universalis.app/market/5484
1838,Steel Halberd,Vonosten Asuka,10000,1,2024-05-09T22:53:40.000Z,https://universalis.app/market/1838
1845,Steel Spear,V' V',15000,1,2024-05-13T02:04:29.000Z,https://universalis.app/market/1845
1847,Heavy Steel Lance,Vendev Raholan,10000,1,2024-05-27T18:54:32.000Z,https://universalis.app/market/1847
1850,Yarzonshell Harpoon,Sparty Mcfly,30000,1,2024-05-06T08:20:49.000Z,https://universalis.app/market/1850
5454,Yellow Yarzon Leg,Rhylan Amreni,63,3,2024-05-20T09:26:34.000Z,https://universalis.app/market/5454
1855,Mythril Lance,Seph Triste,50000,1,2024-05-04T05:47:03.000Z,https://universalis.app/market/1855
1862,Cobalt Halberd,Sevryn Grey,55550,1,2024-05-15T18:36:31.000Z,https://universalis.app/market/1862
1867,Cobalt Trident,Princess Princess,30103,1,2024-05-11T19:06:17.000Z,https://universalis.app/market/1867
5486,Shark Oil,Ezekiel Archus,8000,1,2024-05-14T01:38:53.000Z,https://universalis.app/market/5486
1871,Vintage Guisarme,Fran Dei-ijla,5900,1,2024-05-20T15:36:02.000Z,https://universalis.app/market/1871
9,Ice Crystal,Death Metal,192,79,2024-05-16T02:59:59.000Z,https://universalis.app/market/9
1840,Crooked Guisarme,Neo Fulgur,1040,1,2024-05-05T17:27:29.000Z,https://universalis.app/market/1840
1872,Hart Guisarme,Koya Qerel,15000,1,2024-05-08T20:34:52.000Z,https://universalis.app/market/1872
1875,Giantsgall Trident,Eracha Fushi,2499,1,2024-05-13T02:20:36.000Z,https://universalis.app/market/1875
7582,Mossy Stone Spear,Shakal Draconis,40,1,2024-05-22T22:00:29.000Z,https://universalis.app/market/7582
1879,Champion's Lance,Raynee Day,99699,1,2024-05-04T22:33:16.000Z,https://universalis.app/market/1879
5565,Bloody Lance Head,Lenara Ashonne,49999,1,2024-05-11T19:17:57.000Z,https://universalis.app/market/5565
1882,Obelisk,Clotilde Valeroyant,1198,1,2024-05-05T04:07:50.000Z,https://universalis.app/market/1882
5573,Obelisk Head,Cedrik Winterbane,2024,2,2024-05-11T02:54:36.000Z,https://universalis.app/market/5573
1891,Maple Shortbow,Loyal Maid,24000,1,2024-05-19T20:09:01.000Z,https://universalis.app/market/1891
5333,Hempen Yarn,Vedalia Delisse,60000000,1,2024-05-18T03:45:00.000Z,https://universalis.app/market/5333
1892,Maple Longbow,Renari Invictus,2000,1,2024-05-04T22:31:16.000Z,https://universalis.app/market/1892
5396,Maple Branch,Kymber Evanzh,50,1,2024-05-09T19:24:05.000Z,https://universalis.app/market/5396
1893,Plumed Maple Shortbow,Svetozar Zlatasch,1111,1,2024-05-21T16:58:00.000Z,https://universalis.app/market/1893
5351,Cock Feather,Billy Bum,500,6,2024-05-08T23:11:10.000Z,https://universalis.app/market/5351
1894,Wrapped Maple Longbow,Sith-lord Jar-jar,1010,1,2024-05-12T17:37:42.000Z,https://universalis.app/market/1894
5402,Ash Branch,Billy Bum,500,18,2024-05-12T21:01:28.000Z,https://universalis.app/market/5402
1895,Ash Shortbow,Ferrous Arodica,10000,1,2024-05-05T01:22:20.000Z,https://universalis.app/market/1895
1897,Elm Longbow,Caerwyn Galathynius,7015,1,2024-05-28T14:50:00.000Z,https://universalis.app/market/1897
5334,Cotton Yarn,Asta Kovari,800,30,2024-05-15T00:57:45.000Z,https://universalis.app/market/5334
1899,Elm Velocity Bow,Svetozar Zlatasch,10021,1,2024-05-21T19:53:54.000Z,https://universalis.app/market/1899
1905,Wrapped Elm Longbow,Matatabi Hayashi,4000,1,2024-05-26T04:04:23.000Z,https://universalis.app/market/1905
1908,Ash Composite Bow,Guy Mcgoon,15041,1,2024-05-27T04:57:00.000Z,https://universalis.app/market/1908
1915,Ash Cavalry Bow,Renari Invictus,6999,1,2024-05-04T22:30:31.000Z,https://universalis.app/market/1915
5409,Oak Branch,Copper Vine,801,1,2024-05-17T03:08:52.000Z,https://universalis.app/market/5409
1917,Oak Longbow,Fidona Otoel,36000,1,2024-05-04T02:54:31.000Z,https://universalis.app/market/1917
5336,Linen Yarn,Flexidor One,2999,4,2024-05-05T05:53:17.000Z,https://universalis.app/market/5336
1920,Mythril Cavalry Bow,Seph Triste,50000,1,2024-05-04T05:45:11.000Z,https://universalis.app/market/1920
1925,Oak Composite Bow,Ivakiir Stark,43069,1,2024-05-06T01:52:35.000Z,https://universalis.app/market/1925
1932,Cobalt Cavalry Bow,Druza Einaris,2500,1,2024-05-11T13:52:57.000Z,https://universalis.app/market/1932
1937,Yew Longbow,Alcei Amana,49888,1,2024-05-26T21:44:44.000Z,https://universalis.app/market/1937
1941,Vintage Bow,Raewyn Wintermane,7777,1,2024-05-06T12:36:49.000Z,https://universalis.app/market/1941
1942,Crab Bow,Karyn Ava,55555,1,2024-05-25T17:31:15.000Z,https://universalis.app/market/1942
5462,Red Coral,Petiys Arulaq,100000,2,2024-05-18T07:24:20.000Z,https://universalis.app/market/5462
1945,Giantsgall Longbow,Dev Briknine,14991,1,2024-05-20T18:00:33.000Z,https://universalis.app/market/1945
7583,Mossy Stone Bow,Shakal Draconis,10,2,2024-05-22T22:00:36.000Z,https://universalis.app/market/7583
1949,Longarm's Composite Bow,Kaine Guilliman,99869,1,2024-05-28T17:26:55.000Z,https://universalis.app/market/1949
5568,Bloody Bow Rim,Mop Slap,2499,1,2024-05-12T19:28:56.000Z,https://universalis.app/market/5568
1953,Sarnga,Jocelynn Holbrook,5000,1,2024-05-18T03:05:01.000Z,https://universalis.app/market/1953
15,Ice Cluster,Izama Xenrut,90,5,2024-05-27T23:42:43.000Z,https://universalis.app/market/15
16,Wind Cluster,Honey Mustard,159,1250,2024-05-14T05:13:15.000Z,https://universalis.app/market/16
5574,Sarnga Limb,Chile Mango,4999,1,2024-05-07T20:34:30.000Z,https://universalis.app/market/5574
1958,Maple Wand,Ereg Ia,40004,1,2024-05-26T20:47:48.000Z,https://universalis.app/market/1958
6,Lightning Shard,Flying Pillow,895,100,2024-05-08T07:35:21.000Z,https://universalis.app/market/6
7,Water Shard,Blue Nova,1000,208,2024-05-08T02:40:30.000Z,https://universalis.app/market/7
5470,Growth Formula Alpha,Elias Serperior,1000,1,2024-05-17T05:54:36.000Z,https://universalis.app/market/5470
1959,Whispering Maple Wand,Aurora Fae,10000,1,2024-05-09T22:57:52.000Z,https://universalis.app/market/1959
1960,Budding Maple Wand,Kaidyn Amare,10000,1,2024-05-04T21:35:44.000Z,https://universalis.app/market/1960
5492,Beastkin Blood,Ms Eldari,200,23,2024-05-15T11:53:25.000Z,https://universalis.app/market/5492
1961,Ash Wand,Djiah Frostche,15000,1,2024-05-10T02:34:39.000Z,https://universalis.app/market/1961
5471,Growth Formula Beta,Camilla Darkness,2500,1,2024-05-05T21:30:30.000Z,https://universalis.app/market/5471
1963,Budding Ash Wand,Yuki Oda,20000,1,2024-05-09T05:03:27.000Z,https://universalis.app/market/1963
1965,Whispering Ash Wand,Caffeine Demon,740,1,2024-05-27T12:28:09.000Z,https://universalis.app/market/1965
5493,Scalekin Blood,Ysa Maure,2000000,1,2024-05-04T18:36:09.000Z,https://universalis.app/market/5493
1967,Yew Wand,Eris Abaddon,10000,1,2024-05-24T16:33:13.000Z,https://universalis.app/market/1967
1969,Budding Yew Wand,Rey Starborn,14000,1,2024-05-15T07:26:52.000Z,https://universalis.app/market/1969
1971,Budding Oak Wand,Charlie Manson,50000,1,2024-05-10T20:13:04.000Z,https://universalis.app/market/1971
4603,Hi-Potion of Mind,Vele Eranoir,900,3,2024-05-25T21:57:16.000Z,https://universalis.app/market/4603
1974,Wand of Frost,Versai Tenebria,13059,1,2024-05-12T02:02:58.000Z,https://universalis.app/market/1974
5199,Eye of Ice,Maester Guado,500,2,2024-05-23T06:07:11.000Z,https://universalis.app/market/5199
5472,Growth Formula Gamma,Tio Tot,18000,1,2024-05-31T20:14:47.000Z,https://universalis.app/market/5472
1976,Wand of Tremors,Eivana Zephyrine,80059,1,2024-05-19T06:00:09.000Z,https://universalis.app/market/1976
5201,Eye of Earth,Ragerin Stormwalker,1000,2,2024-05-28T00:16:18.000Z,https://universalis.app/market/5201
1978,Wand of Tides,Kalleena Aedras,50000,1,2024-05-07T21:57:28.000Z,https://universalis.app/market/1978
5203,Eye of Water,Kayuza Yayreza,201,2,2024-05-14T06:54:38.000Z,https://universalis.app/market/5203
1981,Wand of Flames,Vonosten Asuka,4500,1,2024-05-08T22:44:35.000Z,https://universalis.app/market/1981
5198,Eye of Fire,Jun Tatsuya,14750,2,2024-05-25T05:35:33.000Z,https://universalis.app/market/5198
5200,Eye of Wind,Maester Guado,900,2,2024-05-23T06:07:21.000Z,https://universalis.app/market/5200
1985,Wand of Storms,Ember Igneel,3049,1,2024-05-23T16:50:29.000Z,https://universalis.app/market/1985
5202,Eye of Lightning,Maester Guado,1000,1,2024-05-23T06:07:44.000Z,https://universalis.app/market/5202
1987,Budding Rosewood Wand,Azura Highwind,55555,1,2024-05-07T16:23:21.000Z,https://universalis.app/market/1987
4608,Mega-Potion of Mind,Sager Blood-goddess,5000,1,2024-05-04T01:25:50.000Z,https://universalis.app/market/4608
5494,Spoken Blood,Luna Lagos,1499,1,2024-05-27T00:44:14.000Z,https://universalis.app/market/5494
1996,Maple Cane,Panterra Rygar,15000,1,2024-05-05T14:11:46.000Z,https://universalis.app/market/1996
1997,Maple Crook,Helmiknok Dadestoryer,2000,1,2024-05-07T23:32:11.000Z,https://universalis.app/market/1997
1998,Ash Radical,Denebor Milasch,4444,1,2024-05-27T19:19:09.000Z,https://universalis.app/market/1998
2000,Elm Cane,Djiah Frostche,5000,1,2024-05-06T00:00:26.000Z,https://universalis.app/market/2000
2002,Elm Crook,Zero Silvermile,600000,1,2024-05-09T04:55:27.000Z,https://universalis.app/market/2002
2004,Yew Radical,Fighting Cow,10000,1,2024-05-18T23:18:54.000Z,https://universalis.app/market/2004
2010,Pastoral Yew Cane,Lily Val,1073,1,2024-05-20T19:03:38.000Z,https://universalis.app/market/2010
2011,Yew Crook,Momiji Hikaru,3000,1,2024-05-23T18:01:33.000Z,https://universalis.app/market/2011
2015,Walnut Cane,Yerentai Haragin,29999,1,2024-05-19T03:43:06.000Z,https://universalis.app/market/2015
2021,Plumed Yew Crook,David Achiever,15000,1,2024-05-21T15:08:40.000Z,https://universalis.app/market/2021
2023,Oak Radical,Memento Vivere,23999,1,2024-05-28T17:07:28.000Z,https://universalis.app/market/2023
2026,Pastoral Oak Cane,Seph Triste,50000,1,2024-05-04T05:12:31.000Z,https://universalis.app/market/2026
2030,Sprouting Rosewood Radical,Kalleena Aedras,22996,1,2024-05-05T03:56:46.000Z,https://universalis.app/market/2030
2039,Jade Crook,Compsci Major,52999,1,2024-05-05T23:17:32.000Z,https://universalis.app/market/2039
2041,Vintage Cane,Crystyna Jennings,49997,1,2024-05-11T16:25:04.000Z,https://universalis.app/market/2041
2014,Splintered Cane,Maveryn Pantheros,100,1,2024-05-05T20:07:44.000Z,https://universalis.app/market/2014
2044,Pastoral Mahogany Cane,Althea Kil'vin,3500,1,2024-05-23T19:55:56.000Z,https://universalis.app/market/2044
5335,Dew Thread,Eluna Lore,15000,2,2024-05-28T11:59:58.000Z,https://universalis.app/market/5335
2047,Tane Mahuta,Pepper Roux,35000,1,2024-05-13T20:31:41.000Z,https://universalis.app/market/2047
5555,Ochu Vine,Adala Sol,980,1,2024-05-16T00:11:55.000Z,https://universalis.app/market/5555
2048,Giantsgall Cane,Arianna Siria,7900,1,2024-05-23T17:10:45.000Z,https://universalis.app/market/2048
2049,Madman's Whispering Rod,Renzokuken Kosoku,69599,1,2024-05-09T04:08:08.000Z,https://universalis.app/market/2049
12,Lightning Crystal,Lycelle Auberlaint-,1001,6,2024-05-14T03:12:56.000Z,https://universalis.app/market/12
13,Water Crystal,Serena Frost,175,55,2024-05-28T13:26:46.000Z,https://universalis.app/market/13
5473,Growth Formula Delta,Gil Garth,5001,1,2024-05-16T23:56:47.000Z,https://universalis.app/market/5473
5537,Thavnairian Mistletoe,Seraphina Eryut,250,5,2024-05-31T06:42:04.000Z,https://universalis.app/market/5537
5547,Vampire Plant,Gil Garth,100,2,2024-05-16T23:56:08.000Z,https://universalis.app/market/5547
2051,Alkalurops,Zanfina Fancois,1400,1,2024-05-23T16:41:48.000Z,https://universalis.app/market/2051
5575,Suspended Trillium Flower,Cedrik Winterbane,1700,2,2024-05-11T02:54:51.000Z,https://universalis.app/market/5575
2056,Bone Brand,Loyal Maid,20000,1,2024-05-19T20:09:42.000Z,https://universalis.app/market/2056
5197,Marbled Eye,Ehl'tee Es,161,99,2024-05-26T07:06:07.000Z,https://universalis.app/market/5197
2057,Copper Scepter,Darkeve Delholm,305,1,2024-05-11T00:49:45.000Z,https://universalis.app/market/2057
5062,Copper Ingot,Hanamura Sora,1000,2,2024-05-09T16:48:41.000Z,https://universalis.app/market/5062
2058,Bronze Scepter,Sammy Highwind,2000,1,2024-05-11T21:11:58.000Z,https://universalis.app/market/2058
2059,Brass Cudgel,Laddy Varra,5009,1,2024-05-14T20:38:59.000Z,https://universalis.app/market/2059
2061,Decorated Copper Scepter,Nawdie D'fun,2000,1,2024-05-05T05:43:09.000Z,https://universalis.app/market/2061
5258,Ragstone Whetstone,Snowy Aurora,490,13,2024-05-28T15:56:55.000Z,https://universalis.app/market/5258
2063,Wind Brand,About Blank,9015,1,2024-05-04T01:12:53.000Z,https://universalis.app/market/2063
2066,Ice Brand,Payne Leonhart,4500,1,2024-05-11T07:46:02.000Z,https://universalis.app/market/2066
2069,Silver Scepter,Keni Tah,100,1,2024-05-19T19:23:14.000Z,https://universalis.app/market/2069
5527,Brimstone,Srinshee Wynd,2250,8,2024-05-16T02:07:13.000Z,https://universalis.app/market/5527
2071,Earth Brand,Lizard Butterfly,26000,1,2024-05-26T00:43:29.000Z,https://universalis.app/market/2071
2076,Decorated Silver Scepter,Zenith Emberheart,2500,1,2024-05-15T14:51:09.000Z,https://universalis.app/market/2076
2078,Fire Brand,Io Saeoll,55555,1,2024-05-26T01:25:10.000Z,https://universalis.app/market/2078
2083,Lightning Brand,Questra Djt-nong,290,1,2024-05-27T02:08:10.000Z,https://universalis.app/market/2083
2088,Electrum Scepter,Rykoga Dreadstone,4797,1,2024-05-08T06:30:51.000Z,https://universalis.app/market/2088
5489,Quicksilver,Myi' Ke,4500,1,2024-05-28T02:18:34.000Z,https://universalis.app/market/5489
2093,Vintage Cudgel,Hestia Sinister,4999,1,2024-05-07T21:52:52.000Z,https://universalis.app/market/2093
5092,Iron Rivets,Don Pizzarolli,1000,1,2024-05-26T19:06:09.000Z,https://universalis.app/market/5092
2094,Water Brand,Tyon Allenmoore,20069,1,2024-05-27T02:52:09.000Z,https://universalis.app/market/2094
2097,Jade Scepter,Argen Veltterrage,2999,1,2024-05-27T22:12:43.000Z,https://universalis.app/market/2097
5168,Jade,Bethov Thy,280,3,2024-05-24T16:25:12.000Z,https://universalis.app/market/5168
5439,Ogre Horn,Death Metal,50,10,2024-05-27T05:15:01.000Z,https://universalis.app/market/5439
2102,Sanguine Scepter,Sazu Velgr,99599,1,2024-05-05T16:17:52.000Z,https://universalis.app/market/2102
5206,Pinprick Pebble,Nana Yuuki,1500,1,2024-05-27T21:57:03.000Z,https://universalis.app/market/5206
2106,Bone Staff,Seph Delarosa,1000,1,2024-05-18T22:39:07.000Z,https://universalis.app/market/2106
2107,Ramhorn Staff,Krael Duskfeather,3001,1,2024-05-19T14:25:30.000Z,https://universalis.app/market/2107
2108,Decorated Bone Staff,Panterra Rygar,2000,1,2024-05-05T14:11:28.000Z,https://universalis.app/market/2108
5442,Bat Fang,Eris Greyrat-nyan,377,1,2024-05-22T19:27:23.000Z,https://universalis.app/market/5442
2109,Toothed Ramhorn Staff,Dazaii Osamu,2015,1,2024-05-11T00:49:31.000Z,https://universalis.app/market/2109
2111,Staghorn Staff,Cardina Bean,29000,1,2024-05-17T15:50:08.000Z,https://universalis.app/market/2111
2116,Sanguine Horn Staff,Jayk Jambalaya,2000,1,2024-05-19T16:17:44.000Z,https://universalis.app/market/2116
2118,Toothed Staghorn Staff,Bim Danglefield,6000,1,2024-05-15T00:13:47.000Z,https://universalis.app/market/2118
2121,Goathorn Staff,Rose Evelyn,50000,1,2024-05-22T09:08:50.000Z,https://universalis.app/market/2121
2123,Toothed Goathorn Staff,Anhur Xb,5600,1,2024-05-07T19:27:43.000Z,https://universalis.app/market/2123
2125,Horn Staff,Ani Zinbhe,39900,1,2024-05-11T23:54:53.000Z,https://universalis.app/market/2125
2133,Ivory Staff,Y'shtara Meowsong,20000,1,2024-05-07T11:21:00.000Z,https://universalis.app/market/2133
2136,Giantsgall Longstaff,Morgana Vairemont,3200,1,2024-05-05T06:33:54.000Z,https://universalis.app/market/2136
7584,Mossy Stone Staff,Shakal Draconis,398,1,2024-05-22T22:00:51.000Z,https://universalis.app/market/7584
2139,Astrolabe,Otis Gwtv,2399,1,2024-05-05T06:04:24.000Z,https://universalis.app/market/2139
5576,Astrolabe Clinometer,Cedrik Winterbane,2000,2,2024-05-11T02:55:07.000Z,https://universalis.app/market/5576
2143,Leather Grimoire,Eros Don,9004,1,2024-05-21T22:36:21.000Z,https://universalis.app/market/2143
5380,Maple Log,Ahri Ni,450,22,2024-05-09T10:27:33.000Z,https://universalis.app/market/5380
5475,Enchanted Copper Ink,Der Ito,20,1,2024-05-14T14:50:36.000Z,https://universalis.app/market/5475
2144,Maple Picatrix,Doctor Biscuits,10000,1,2024-05-05T19:01:23.000Z,https://universalis.app/market/2144
2145,Engraved Leather Grimoire,Wax-on Wax-off,10000,1,2024-05-09T23:12:54.000Z,https://universalis.app/market/2145
5383,Ash Log,Nyx Sularn,3001,4,2024-05-27T16:45:00.000Z,https://universalis.app/market/5383
2146,Ash Picatrix,Kittykatt Meow,5000,1,2024-05-27T02:24:54.000Z,https://universalis.app/market/2146
2147,Hard Leather Grimoire,Kittykatt Meow,5000,1,2024-05-26T19:18:48.000Z,https://universalis.app/market/2147
5385,Elm Log,Vox Swan,400,11,2024-05-13T10:37:28.000Z,https://universalis.app/market/5385
5476,Enchanted Iron Ink,Mlynar Nearl,800,2,2024-05-05T08:09:24.000Z,https://universalis.app/market/5476
2149,Engraved Hard Leather Grimoire,Boo Gdn,14999,1,2024-05-20T08:04:10.000Z,https://universalis.app/market/2149
5386,Yew Log,Riicky Kiiriicky,7750,11,2024-05-12T20:09:03.000Z,https://universalis.app/market/5386
2151,Yew Picatrix,Kammy Dreams,25024,1,2024-05-10T21:18:01.000Z,https://universalis.app/market/2151
2156,Goatskin Grimoire,Zenji Oni,20000,1,2024-05-29T00:24:21.000Z,https://universalis.app/market/2156
5477,Enchanted Silver Ink,Gazyn Mazyn,4000,2,2024-05-16T19:57:24.000Z,https://universalis.app/market/5477
2160,Engraved Goatskin Grimoire,Payne Leonidas,15949,1,2024-05-08T03:14:51.000Z,https://universalis.app/market/2160
5388,Walnut Log,Ume Zakuro,800,1,2024-05-17T06:44:00.000Z,https://universalis.app/market/5388
2166,Book of Silver,Canadough Abootman,20062,1,2024-05-25T15:19:45.000Z,https://universalis.app/market/2166
5390,Oak Log,No Mommy,500,38,2024-05-23T06:14:30.000Z,https://universalis.app/market/5390
2169,Embossed Book of Silver,Huend Tuefel,49773,1,2024-05-18T20:43:07.000Z,https://universalis.app/market/2169
2174,Book of Mythril,Valeria Fallingstar,20084,1,2024-05-29T02:50:25.000Z,https://universalis.app/market/2174
5346,Flax,Euphoria Mugi,410,36,2024-05-29T23:27:31.000Z,https://universalis.app/market/5346
5478,Enchanted Mythril Ink,Ryme Belfraido,387,1,2024-05-04T22:31:33.000Z,https://universalis.app/market/5478
2184,Vintage Picatrix,Svetozar Zlatasch,19999,1,2024-05-20T15:18:16.000Z,https://universalis.app/market/2184
2158,Brittle Picatrix,Ahri Ni,14989,1,2024-05-09T09:45:24.000Z,https://universalis.app/market/2158
2185,Book of Electrum,Gwell Moko,2000,1,2024-05-19T08:17:28.000Z,https://universalis.app/market/2185
5337,Woolen Yarn,Leifa Valun'te,5000,1,2024-05-19T13:53:06.000Z,https://universalis.app/market/5337
5393,Rosewood Log,Laurencic Beaufort,500,79,2024-05-11T05:59:29.000Z,https://universalis.app/market/5393
5479,Enchanted Electrum Ink,Marza Ming,400,1,2024-05-28T23:25:49.000Z,https://universalis.app/market/5479
2189,Embossed Book of Electrum,Nayomi Demons,6500,1,2024-05-20T01:23:09.000Z,https://universalis.app/market/2189
2193,Cantamina Thavnaria,Ren Ra-ra-ra,6345,1,2024-05-20T12:04:53.000Z,https://universalis.app/market/2193
5481,Enchanted Rose Gold Ink,Chianne Hyacinth,2500,7,2024-05-04T15:13:12.000Z,https://universalis.app/market/5481
7586,Weathered Tome,Shakal Draconis,15,1,2024-05-22T21:59:19.000Z,https://universalis.app/market/7586
2194,Medica Thavnaria,Horchata Terracota,2874,1,2024-05-27T22:19:40.000Z,https://universalis.app/market/2194
7587,Faded Tome,Shakal Draconis,10,1,2024-05-22T21:58:50.000Z,https://universalis.app/market/7587
2201,Erudite's Picatrix of Healing,Devil Ballad,74599,1,2024-05-06T03:25:32.000Z,https://universalis.app/market/2201
5480,Enchanted Gold Ink,Veeara Aryxon,1749,1,2024-05-28T15:03:56.000Z,https://universalis.app/market/5480
5569,Bloody Grimoire Binding,Raziel Blackwolf,4500,1,2024-05-12T14:54:46.000Z,https://universalis.app/market/5569
2202,Erudite's Picatrix of Casting,Devil Ballad,84899,1,2024-05-06T03:25:38.000Z,https://universalis.app/market/2202
2211,Deus Ex Verbis,Aerie Rhei,2000,1,2024-05-19T06:18:44.000Z,https://universalis.app/market/2211
5338,Silk Thread,White Wynterheart,4000,2,2024-05-06T06:44:24.000Z,https://universalis.app/market/5338
2212,Deus Ex Gratia,Ardell Juno,2000,1,2024-05-25T23:44:29.000Z,https://universalis.app/market/2212
2219,Square Maple Shield,Bonnie Mcmurray,4999,1,2024-05-23T06:35:43.000Z,https://universalis.app/market/2219
5091,Bronze Rivets,Map Lock,1002,1,2024-05-12T16:22:52.000Z,https://universalis.app/market/5091
12524,Titanium Nugget,Akane Kiyomi,20000,1,2024-05-09T04:48:42.000Z,https://universalis.app/market/12524
12529,Titanium Rivets,David Cal,20000,2,2024-05-04T16:42:00.000Z,https://universalis.app/market/12529
12658,Dusk Leather,Nymuru Vee,421999,1,2024-05-17T23:43:29.000Z,https://universalis.app/market/12658
2226,Bronze Hoplon,Aeise Olivier,18000,1,2024-05-14T23:30:02.000Z,https://universalis.app/market/2226
5071,Bronze Plate,Asya Yuki,4000,2,2024-05-20T06:57:50.000Z,https://universalis.app/market/5071
2228,Round Shield,Wax-on Wax-off,10004,1,2024-05-10T22:32:45.000Z,https://universalis.app/market/2228
2229,Leather Targe,Helmiknok Dadestoryer,500,1,2024-05-11T21:33:30.000Z,https://universalis.app/market/2229
2230,Bronze Scutum,Harriet Montgomery,5000,1,2024-05-04T21:15:58.000Z,https://universalis.app/market/2230
2231,Bronze Buckler,Wax-on Wax-off,25005,1,2024-05-07T20:09:53.000Z,https://universalis.app/market/2231
2233,Square Ash Shield,Lianji Sanshi,71400000,1,2024-05-26T02:38:50.000Z,https://universalis.app/market/2233
2236,Iron Hoplon,D- Wolf,25000,1,2024-05-24T23:36:12.000Z,https://universalis.app/market/2236
2238,Vintage Square Shield,Shizuka Mikazuki,8000,1,2024-05-22T03:57:38.000Z,https://universalis.app/market/2238
2224,Worm-eaten Square Shield,Riko Minami,10000,1,2024-05-14T01:36:26.000Z,https://universalis.app/market/2224
4859,Cider Vinegar,Lady Fluff,79,1,2024-05-14T16:32:18.000Z,https://universalis.app/market/4859
2239,Ironclad Bronze Buckler,About Blank,80,1,2024-05-04T01:12:43.000Z,https://universalis.app/market/2239
2241,Iron Lantern Shield,Titan Tiddies,5000,1,2024-05-07T19:20:41.000Z,https://universalis.app/market/2241
5998,Tallow Candle,Vrer Atoel,3000,1,2024-05-14T13:19:09.000Z,https://universalis.app/market/5998
2242,Iron Scutum,Lei Lan,42500000,1,2024-05-07T11:52:39.000Z,https://universalis.app/market/2242
2244,Vintage Hoplon,Riya Myu,20000,1,2024-05-24T20:26:04.000Z,https://universalis.app/market/2244
2225,Tarnished Hoplon,U'nanami Hime,10000,1,2024-05-14T03:26:30.000Z,https://universalis.app/market/2225
2246,Viper-crested Round Shield,Shirishi Kamitahi,1000,1,2024-05-20T03:20:29.000Z,https://universalis.app/market/2246
2248,Iron Kite Shield,Alex Era,10000,1,2024-05-14T11:42:06.000Z,https://universalis.app/market/2248
2250,Goatskin Targe,Argos Hafgufa,35000,1,2024-05-10T02:35:00.000Z,https://universalis.app/market/2250
5093,Steel Rivets,Xena Inadova,4999,1,2024-05-19T00:01:44.000Z,https://universalis.app/market/5093
2257,Bull Hoplon,Halvard Lockhart,2999,1,2024-05-18T23:55:14.000Z,https://universalis.app/market/2257
2260,Decorated Buckler,Sonne Flora,4000,1,2024-05-23T16:48:41.000Z,https://universalis.app/market/2260
2262,Decorated Iron Scutum,Meowsker Asche,4999,1,2024-05-23T06:07:43.000Z,https://universalis.app/market/2262
2264,Vintage Buckler,Viridios Zagreus,4997,1,2024-05-12T07:20:04.000Z,https://universalis.app/market/2264
2268,Bladed Lantern Shield,Sammy Highwind,15000,1,2024-05-11T21:13:25.000Z,https://universalis.app/market/2268
2270,Raptorskin Targe,Bsko Whitefang,44000,1,2024-05-09T04:12:06.000Z,https://universalis.app/market/2270
5099,Mythril Rivets,Aquila Meztli,2003,17,2024-05-30T01:11:04.000Z,https://universalis.app/market/5099
2278,Vintage Scutum,Spook Kirijo,49992,1,2024-05-22T03:59:09.000Z,https://universalis.app/market/2278
2232,Rusting Scutum,Verity Valen,17776,1,2024-05-21T02:53:36.000Z,https://universalis.app/market/2232
2279,Cobalt Scutum,Crayola Knight,9999,1,2024-05-06T02:00:00.000Z,https://universalis.app/market/2279
5094,Cobalt Rivets,Instance Shenanigans,3000,99,2024-05-04T14:51:43.000Z,https://universalis.app/market/5094
2287,Eagle-crested Round Shield,Imaweebloljk Butnorly,5000,1,2024-05-08T04:59:29.000Z,https://universalis.app/market/2287
2289,Vintage Round Shield,Riven Black,780,1,2024-05-24T06:36:56.000Z,https://universalis.app/market/2289
2237,Rotting Round Shield,Riko Minami,1500,1,2024-05-14T01:46:54.000Z,https://universalis.app/market/2237
5228,Ragstone,Zephyr Darkmoon,300,12,2024-05-10T04:34:56.000Z,https://universalis.app/market/5228
5517,Lanolin,Goddess Hylia,1002,1,2024-05-13T02:01:52.000Z,https://universalis.app/market/5517
2294,Kite Shield,Koya Qerel,21500,1,2024-05-08T20:35:14.000Z,https://universalis.app/market/2294
2296,Cobalt Bladed Lantern Shield,Xexan Vahn,47999,1,2024-05-14T01:10:28.000Z,https://universalis.app/market/2296
2298,Oxblood Targe,Harriet Montgomery,40000,1,2024-05-18T20:59:31.000Z,https://universalis.app/market/2298
2300,Vintage Kite Shield,It's Rust,25000,1,2024-05-15T21:37:40.000Z,https://universalis.app/market/2300
2259,Scarred Kite Shield,Marick Clive,5500,1,2024-05-16T18:36:34.000Z,https://universalis.app/market/2259
2302,Darksteel Scutum,Teddi Meadows,6999,1,2024-05-13T02:57:30.000Z,https://universalis.app/market/2302
5060,Darksteel Ingot,Rua Alara,10995,1,2024-05-08T03:05:21.000Z,https://universalis.app/market/5060
5095,Darksteel Rivets,Shin Bye,6000,31,2024-05-09T17:23:19.000Z,https://universalis.app/market/5095
2303,Darksteel Buckler,Morgana Vairemont,2221,1,2024-05-05T06:29:55.000Z,https://universalis.app/market/2303
2304,Spruce Round Shield,Sir Karma,2945,1,2024-05-25T21:49:13.000Z,https://universalis.app/market/2304
5379,Treated Spruce Lumber,Nebyaj Tivael,30000,2,2024-05-09T17:30:13.000Z,https://universalis.app/market/5379
2315,Bronze Saw,Salsa Mai,395,1,2024-05-23T00:36:56.000Z,https://universalis.app/market/2315
2316,Amateur's Saw,Oro Nea,999,1,2024-05-18T05:02:51.000Z,https://universalis.app/market/2316
2317,Chocobotail Saw,Yerentai Haragin,140,1,2024-05-17T05:54:14.000Z,https://universalis.app/market/2317
2318,Initiate's Saw,Bonnie Mcmurray,12997,1,2024-05-15T12:25:45.000Z,https://universalis.app/market/2318
2319,Bas-relief Iron Saw,Jenyfael Astreia,5000,1,2024-05-27T17:10:00.000Z,https://universalis.app/market/2319
2320,Iron Chocobotail Saw,Ragnar Viirst,2040,1,2024-05-27T01:01:44.000Z,https://universalis.app/market/2320
2321,Bas-relief Steel Saw,Chadelico Nightrune,7050,1,2024-05-12T15:51:35.000Z,https://universalis.app/market/2321
2322,Crosscut Saw,C'irhya Cottol,2999,1,2024-05-09T06:59:38.000Z,https://universalis.app/market/2322
2323,Mythril Saw,Ra Zetzy,11000,1,2024-05-26T05:51:37.000Z,https://universalis.app/market/2323
2324,Mythril Chocobotail Saw,Tera Shell,10000,1,2024-05-10T23:33:51.000Z,https://universalis.app/market/2324
2325,Bas-relief Cobalt Saw,Nawdie D'fun,18000,1,2024-05-08T09:35:48.000Z,https://universalis.app/market/2325
2328,Amateur's Claw Hammer,Helmiknok Dadestoryer,1900,1,2024-05-04T21:25:35.000Z,https://universalis.app/market/2328
2329,Bronze Claw Hammer,Ruanlong Ren,9000,1,2024-05-04T03:37:35.000Z,https://universalis.app/market/2329
2331,Iron Claw Hammer,Ophelia Stoneheart,13017,1,2024-05-05T02:21:04.000Z,https://universalis.app/market/2331
5483,Jellyfish Humours,Illidari Nightfall,3002,2,2024-05-30T00:41:15.000Z,https://universalis.app/market/5483
2332,Initiate's Claw Hammer,Grimes Album,1000,1,2024-05-13T13:44:23.000Z,https://universalis.app/market/2332
2334,Steel Claw Hammer,Miki Chinen,9499,1,2024-05-06T07:10:50.000Z,https://universalis.app/market/2334
2335,Wrapped Steel Claw Hammer,Harriet Montgomery,50000,1,2024-05-12T23:18:54.000Z,https://universalis.app/market/2335
5485,Linseed Oil,Galateia Starstrider,4000,2,2024-05-30T04:21:52.000Z,https://universalis.app/market/5485
2337,Mythril Claw Hammer,Beo Wulf,20000,1,2024-05-04T18:34:59.000Z,https://universalis.app/market/2337
2338,Cobalt Claw Hammer,Ezra Umbrasol,20000,1,2024-05-04T13:22:50.000Z,https://universalis.app/market/2338
2339,Militia Claw Hammer,Salsa Mai,54988,1,2024-05-23T01:48:44.000Z,https://universalis.app/market/2339
2341,Bronze Cross-pein Hammer,Vox Syl,5000,1,2024-05-13T09:02:25.000Z,https://universalis.app/market/2341
2342,Amateur's Cross-pein Hammer,K'lyhhia Denna,8900,1,2024-05-21T04:58:49.000Z,https://universalis.app/market/2342
2343,Birdsbeak Hammer,Stoic Oak,3000,1,2024-05-11T09:03:41.000Z,https://universalis.app/market/2343
5325,Undyed Cotton Cloth,Smolgia Blaiid,1796,1,2024-05-25T07:37:20.000Z,https://universalis.app/market/5325
2344,Iron Cross-pein Hammer,Vox Syl,10014,1,2024-05-13T09:46:28.000Z,https://universalis.app/market/2344
2345,Initiate's Cross-pein Hammer,Jenyfael Astreia,5500,1,2024-05-27T19:23:32.000Z,https://universalis.app/market/2345
2346,Crowsbeak Hammer,D- Wolf,7000,1,2024-05-24T22:46:26.000Z,https://universalis.app/market/2346
2347,Heavy Crowsbeak Hammer,Ruby Lights,4000,1,2024-05-14T23:22:37.000Z,https://universalis.app/market/2347
2348,Steel Cross-pein Hammer,C'irhya Cottol,4895,1,2024-05-09T06:58:47.000Z,https://universalis.app/market/2348
5326,Undyed Velveteen,Luna Elara,4000,25,2024-05-09T14:02:40.000Z,https://universalis.app/market/5326
2349,Steel Crowsbeak Hammer,Zlatan Atessa,15056,1,2024-05-15T01:13:52.000Z,https://universalis.app/market/2349
2350,Wrapped Crowsbeak Hammer,Bonnie Mcmurray,54444,1,2024-05-18T07:13:44.000Z,https://universalis.app/market/2350
2351,Cobalt Cross-pein Hammer,Levolta Sven,900,1,2024-05-29T23:50:18.000Z,https://universalis.app/market/2351
2352,Wrapped Hawksbeak Hammer,Nodai Todai,19999,1,2024-05-15T00:00:34.000Z,https://universalis.app/market/2352
2355,Amateur's File,Loyal Maid,800,1,2024-05-19T05:17:51.000Z,https://universalis.app/market/2355
2356,Bronze File,Helmiknok Dadestoryer,1000,1,2024-05-07T15:30:40.000Z,https://universalis.app/market/2356
2358,Iron File,Wax-on Wax-off,2500,1,2024-05-10T20:16:46.000Z,https://universalis.app/market/2358
2359,Initiate's File,Ruby Lights,20000,1,2024-05-14T23:22:47.000Z,https://universalis.app/market/2359
2361,Steel File,C'irhya Cottol,5000,1,2024-05-09T06:58:52.000Z,https://universalis.app/market/2361
2363,Mythril File,Chadelico Nightrune,35000,1,2024-05-12T16:40:25.000Z,https://universalis.app/market/2363
2364,Cobalt File,Aldrian Streiss,39999,1,2024-05-30T04:37:58.000Z,https://universalis.app/market/2364
2365,Militia File,Mio Azsvana,15000,1,2024-05-13T18:54:17.000Z,https://universalis.app/market/2365
2367,Bronze Doming Hammer,Mars Sirius,156,1,2024-05-28T14:08:38.000Z,https://universalis.app/market/2367
2368,Amateur's Doming Hammer,Botcho Fulmhu,180,1,2024-05-13T10:14:49.000Z,https://universalis.app/market/2368
2369,Bronze Raising Hammer,Gus Chiggins,8000,1,2024-05-06T02:35:48.000Z,https://universalis.app/market/2369
2370,Iron Doming Hammer,Jenyfael Astreia,1500,1,2024-05-28T06:45:33.000Z,https://universalis.app/market/2370
2371,Initiate's Doming Hammer,Relic Noir,8021,1,2024-05-29T06:56:33.000Z,https://universalis.app/market/2371
2372,Iron Raising Hammer,Bim Danglefield,15029,1,2024-05-15T00:13:30.000Z,https://universalis.app/market/2372
2373,Wrapped Iron Raising Hammer,Salsa Mai,9999,1,2024-05-21T02:52:34.000Z,https://universalis.app/market/2373
2374,Steel Doming Hammer,Pepper Roux,15000,1,2024-05-13T01:54:36.000Z,https://universalis.app/market/2374
2375,Steel Raising Hammer,Hamburger Help-me,25000,1,2024-05-15T02:22:13.000Z,https://universalis.app/market/2375
2376,Cobalt Doming Hammer,C'ilahri Cottol,4999,1,2024-05-25T02:12:25.000Z,https://universalis.app/market/2376
2377,Cobalt Raising Hammer,Sakura Aoyagi,43000,1,2024-05-21T23:13:12.000Z,https://universalis.app/market/2377
2380,Amateur's Pliers,Loyal Maid,4500,1,2024-05-19T20:09:30.000Z,https://universalis.app/market/2380
2381,Bronze Pliers,Klaxar Sight,3000,1,2024-05-04T07:11:16.000Z,https://universalis.app/market/2381
2383,Iron Pliers,Bonnie Mcmurray,10000,1,2024-05-16T20:47:05.000Z,https://universalis.app/market/2383
2384,Initiate's Pliers,Masha Sese,3031,1,2024-05-21T20:51:26.000Z,https://universalis.app/market/2384
2386,Steel Pliers,Mako Belnades,59859,1,2024-05-17T08:47:29.000Z,https://universalis.app/market/2386
2388,Mythril Pliers,Chadelico Nightrune,100092,1,2024-05-12T16:40:45.000Z,https://universalis.app/market/2388
2389,Cobalt Pliers,Sakura Aoyagi,25000,1,2024-05-21T23:13:16.000Z,https://universalis.app/market/2389
2390,Militia Pliers,Zumie Kudeken,20000,1,2024-05-25T22:29:25.000Z,https://universalis.app/market/2390
2392,Bronze Chaser Hammer,Amenie Gamma,250,1,2024-05-23T03:00:42.000Z,https://universalis.app/market/2392
2393,Amateur's Chaser Hammer,Darkeve Delholm,500,1,2024-05-11T01:11:08.000Z,https://universalis.app/market/2393
2395,Iron Chaser Hammer,Ira Nil,995,1,2024-05-11T16:57:52.000Z,https://universalis.app/market/2395
2396,Initiate's Chaser Hammer,Relic Noir,4000,1,2024-05-29T06:57:32.000Z,https://universalis.app/market/2396
2397,Iron Ornamental Hammer,Gus Chiggins,38929,1,2024-05-09T03:51:01.000Z,https://universalis.app/market/2397
2398,Steel Chaser Hammer,Yuki Oda,2500,1,2024-05-07T20:32:52.000Z,https://universalis.app/market/2398
2399,Steel Ornamental Hammer,Mine Ittetsu,4899,1,2024-05-05T22:15:01.000Z,https://universalis.app/market/2399
2400,Mythril Ornamental Hammer,Blais Fierlaine,50000,1,2024-05-05T02:21:18.000Z,https://universalis.app/market/2400
2401,Mythril Lapidary Hammer,Not Dutch,4500,1,2024-05-18T21:56:06.000Z,https://universalis.app/market/2401
2402,Electrum Lapidary Hammer,Salsa Mai,40000,1,2024-05-24T23:06:49.000Z,https://universalis.app/market/2402
5183,Tourmaline,Carron Prior,500,2,2024-05-28T17:22:59.000Z,https://universalis.app/market/5183
2405,Amateur's Grinding Wheel,Mango Grande,5,1,2024-05-12T18:40:23.000Z,https://universalis.app/market/2405
2406,Ragstone Grinding Wheel,Renari Invictus,898,1,2024-05-04T22:31:45.000Z,https://universalis.app/market/2406
2408,Mudstone Grinding Wheel,Grimes Album,4000,1,2024-05-13T13:43:31.000Z,https://universalis.app/market/2408
5229,Mudstone,Tessa Lovec,150,99,2024-05-04T16:53:52.000Z,https://universalis.app/market/5229
2409,Initiate's Grinding Wheel,Yuki Oda,10000,1,2024-05-07T20:32:38.000Z,https://universalis.app/market/2409
2411,Siltstone Grinding Wheel,Bim Danglefield,19696,1,2024-05-22T23:46:12.000Z,https://universalis.app/market/2411
5231,Siltstone,Marza Ming,275,1,2024-05-05T20:12:10.000Z,https://universalis.app/market/5231
2413,Garnet Grinding Wheel,Fakhet Ragnall,19092,1,2024-05-20T17:46:42.000Z,https://universalis.app/market/2413
5134,Raw Garnet,Zilla Bell,450,30,2024-05-17T14:30:30.000Z,https://universalis.app/market/5134
2414,Basilisk Grinding Wheel,Tigre Caliente,30107,1,2024-05-06T11:10:13.000Z,https://universalis.app/market/2414
5263,Basilisk Egg,Stellar Artois,950,1,2024-05-14T01:20:02.000Z,https://universalis.app/market/5263
2415,Militia Grinding Wheel,Celeste Deluce,24990,1,2024-05-23T01:43:57.000Z,https://universalis.app/market/2415
5158,Astral Rock,Sunshine Lotus,397,6,2024-05-24T05:23:56.000Z,https://universalis.app/market/5158
2417,Bronze Head Knife,Levi Ackermann,1799,1,2024-05-11T06:16:06.000Z,https://universalis.app/market/2417
2418,Amateur's Head Knife,Luna Ignosi,17909,1,2024-05-26T14:19:51.000Z,https://universalis.app/market/2418
2419,Brass Head Knife,Smolgia Blaiid,10011,1,2024-05-25T07:33:37.000Z,https://universalis.app/market/2419
2420,Initiate's Head Knife,Relic Noir,11018,1,2024-05-29T06:57:11.000Z,https://universalis.app/market/2420
2421,Iron Round Knife,Meteor Graves,5000,1,2024-05-26T07:01:23.000Z,https://universalis.app/market/2421
2422,Iron Head Knife,Helmiknok Dadestoryer,3041,1,2024-05-17T22:26:17.000Z,https://universalis.app/market/2422
2424,Steel Round Knife,Ruma Brat,8500,1,2024-05-18T22:01:49.000Z,https://universalis.app/market/2424
2425,Mythril Head Knife,Bonnie Mcmurray,10074,1,2024-05-18T07:12:24.000Z,https://universalis.app/market/2425
2426,Mythril Round Knife,C'ilahri Cottol,10000,1,2024-05-10T08:42:12.000Z,https://universalis.app/market/2426
2427,Electrum Head Knife,Aisuru Tenshi,30110,1,2024-05-09T23:56:46.000Z,https://universalis.app/market/2427
2431,Bronze Awl,Helmiknok Dadestoryer,2989,1,2024-05-07T23:32:24.000Z,https://universalis.app/market/2431
2433,Iron Awl,Miana Himeko,4998,1,2024-05-05T23:54:46.000Z,https://universalis.app/market/2433
2434,Initiate's Awl,Jenyfael Astreia,5000,1,2024-05-27T20:30:28.000Z,https://universalis.app/market/2434
2436,Steel Awl,Krael Duskfeather,50048,1,2024-05-19T14:27:11.000Z,https://universalis.app/market/2436
2437,Wrapped Steel Awl,Shwae Tsunsui,50000,1,2024-05-04T22:21:57.000Z,https://universalis.app/market/2437
2439,Mythril Awl,Wind-up Meku,99083,1,2024-05-13T00:12:04.000Z,https://universalis.app/market/2439
2440,Cobalt Awl,Phenotype Lizardking,25000,1,2024-05-04T07:52:46.000Z,https://universalis.app/market/2440
2441,Militia Awl,K'ali Loweherz,34987,1,2024-05-24T01:22:24.000Z,https://universalis.app/market/2441
2443,Copper Needle,Amenie Gamma,30,1,2024-05-28T03:11:47.000Z,https://universalis.app/market/2443
2444,Bat Fang Needle,Smolgia Blaiid,5000,1,2024-05-25T07:36:16.000Z,https://universalis.app/market/2444
2445,Amateur's Needle,Zenji Oni,900,1,2024-05-19T23:58:54.000Z,https://universalis.app/market/2445
2446,Brass Needle,Judge Judy,2000,1,2024-05-19T04:13:17.000Z,https://universalis.app/market/2446
2447,Initiate's Needle,Veronica Peet,2000,1,2024-05-25T08:53:53.000Z,https://universalis.app/market/2447
2448,Silver Needle,Jenyfael Astreia,4000,1,2024-05-28T06:48:05.000Z,https://universalis.app/market/2448
2449,Worm Fang Needle,Nell Higgins,10000,1,2024-05-18T15:52:32.000Z,https://universalis.app/market/2449
5447,Sandworm Fang,Jenny Thalia,750,1,2024-05-21T14:45:15.000Z,https://universalis.app/market/5447
2450,Mythril Needle,Kassandra Kobayashi,7999,1,2024-05-09T02:19:14.000Z,https://universalis.app/market/2450
2451,Wolf Fang Needle,Bonnie Mcmurray,10000,1,2024-05-18T07:24:40.000Z,https://universalis.app/market/2451
2452,Thousand Needle,Chadelico Nightrune,19985,1,2024-05-17T23:09:47.000Z,https://universalis.app/market/2452
5468,Cactuar Needle,Feitan Darkheart,1000,2,2024-05-09T19:57:48.000Z,https://universalis.app/market/5468
2453,Electrum Needle,Salsa Mai,20000,1,2024-05-26T01:47:27.000Z,https://universalis.app/market/2453
2456,Amateur's Spinning Wheel,Ereg Ia,1500,1,2024-05-27T22:50:02.000Z,https://universalis.app/market/2456
2457,Ash Spinning Wheel,Helmiknok Dadestoryer,299,1,2024-05-10T20:22:34.000Z,https://universalis.app/market/2457
2459,Initiate's Spinning Wheel,D- Wolf,4018,1,2024-05-24T22:48:47.000Z,https://universalis.app/market/2459
2460,Elm Spinning Wheel,Zumie Kudeken,9999,1,2024-05-27T08:06:25.000Z,https://universalis.app/market/2460
2462,Walnut Spinning Wheel,Mako Belnades,10001,1,2024-05-15T13:07:47.000Z,https://universalis.app/market/2462
2464,Mahogany Spinning Wheel,Shwae Tsunsui,34999,1,2024-05-04T22:22:21.000Z,https://universalis.app/market/2464
2465,Rosewood Spinning Wheel,Shiro Two,20000,1,2024-05-26T19:34:57.000Z,https://universalis.app/market/2465
2466,Militia Spinning Wheel,Vebvi'vi Di'vici,30000,1,2024-05-24T16:30:54.000Z,https://universalis.app/market/2466
2468,Bronze Alembic,Akasha Purrana,99999,1,2024-05-25T20:30:22.000Z,https://universalis.app/market/2468
2469,Amateur's Alembic,Helmiknok Dadestoryer,1150,1,2024-05-10T20:24:03.000Z,https://universalis.app/market/2469
2470,Brass Alembic,Ameline Vendhen,5000,1,2024-05-13T00:51:22.000Z,https://universalis.app/market/2470
2471,Initiate's Alembic,Frank Nacho,8018,1,2024-05-29T02:10:22.000Z,https://universalis.app/market/2471
2472,Iron Alembic,Don Pizzarolli,1000,1,2024-05-26T19:05:48.000Z,https://universalis.app/market/2472
2473,Conical Alembic,Bruce Man,5000,1,2024-05-29T23:21:08.000Z,https://universalis.app/market/2473
2474,Steel Alembic,Mako Belnades,7988,1,2024-05-13T23:25:10.000Z,https://universalis.app/market/2474
2475,Silver Alembic,Nizotro Orellian,18000,1,2024-05-25T17:45:41.000Z,https://universalis.app/market/2475
2476,Mythril Alembic,Ren Yumitori,49989,1,2024-05-10T23:48:31.000Z,https://universalis.app/market/2476
2477,Electrum Alembic,Tera Shell,2975,1,2024-05-10T23:32:01.000Z,https://universalis.app/market/2477
2478,Thermal Alembic,Lu Nox,9000,1,2024-05-25T16:24:31.000Z,https://universalis.app/market/2478
2481,Amateur's Mortar,Akasha Purrana,3499,1,2024-05-29T01:33:48.000Z,https://universalis.app/market/2481
2482,Bronze Mortar,Immoral Courtesan,900,1,2024-05-15T22:11:02.000Z,https://universalis.app/market/2482
2484,Iron Mortar,V' V',4900,1,2024-05-08T20:07:01.000Z,https://universalis.app/market/2484
2485,Initiate's Mortar,C'ilahri Cottol,250,1,2024-05-25T08:55:35.000Z,https://universalis.app/market/2485
2487,Steel Mortar,Karyn Ava,10000,1,2024-05-09T23:24:43.000Z,https://universalis.app/market/2487
2488,Heavy Steel Mortar,Shwae Tsunsui,14999,1,2024-05-04T22:22:50.000Z,https://universalis.app/market/2488
2490,Mythril Mortar,Xzar Lanyari,5000,1,2024-05-27T10:57:31.000Z,https://universalis.app/market/2490
2491,Cobalt Mortar,Morrigan Cromwell,15000,1,2024-05-11T05:40:26.000Z,https://universalis.app/market/2491
2492,Militia Mortar,Cutie Popotootie,15000,1,2024-05-27T19:01:20.000Z,https://universalis.app/market/2492
2494,Bronze Skillet,Aeise Hiko,7500,1,2024-05-14T23:16:04.000Z,https://universalis.app/market/2494
2495,Amateur's Skillet,Rabid Pringles,9999,1,2024-05-24T18:21:42.000Z,https://universalis.app/market/2495
2496,Iron Skillet,Yinyinji Yinji,10013,1,2024-05-26T21:36:51.000Z,https://universalis.app/market/2496
2497,Initiate's Skillet,Anwyn Fjellhammer,5999,1,2024-05-20T11:46:47.000Z,https://universalis.app/market/2497
2498,Iron Frypan,Harriet Montgomery,7000,1,2024-05-10T06:44:55.000Z,https://universalis.app/market/2498
2499,Bomb Frypan,Di Delamare,1490,1,2024-05-05T18:31:58.000Z,https://universalis.app/market/2499
5528,Bomb Ash,Gravis Ultima,1000,2,2024-05-09T03:22:08.000Z,https://universalis.app/market/5528
2500,Steel Skillet,Botcho Fulmhu,4500,1,2024-05-13T10:15:43.000Z,https://universalis.app/market/2500
2501,White Skillet,Seph Triste,6000,1,2024-05-19T21:55:50.000Z,https://universalis.app/market/2501
2502,Steel Frypan,Ichigo Higanbana,55553,1,2024-05-23T16:00:04.000Z,https://universalis.app/market/2502
2503,Cobalt Skillet,Jayden Blackwaters,4698,1,2024-05-23T07:54:27.000Z,https://universalis.app/market/2503
2504,Hells' Kitchen,Yuki Nonaka,40000,1,2024-05-23T06:23:03.000Z,https://universalis.app/market/2504
2507,Amateur's Culinary Knife,Ruu Viirst,2000,1,2024-05-22T18:18:50.000Z,https://universalis.app/market/2507
2508,Bronze Culinary Knife,Helmiknok Dadestoryer,2000,1,2024-05-09T20:09:16.000Z,https://universalis.app/market/2508
2510,Iron Culinary Knife,Mai Alucard,6899,1,2024-05-22T08:44:43.000Z,https://universalis.app/market/2510
2511,Initiate's Culinary Knife,Kazuha Arkwright,15000,1,2024-05-24T03:40:50.000Z,https://universalis.app/market/2511
2513,Steel Culinary Knife,Dazaii Osamu,12000,1,2024-05-04T13:29:17.000Z,https://universalis.app/market/2513
2514,Wrapped Steel Culinary Knife,Bonnie Mcmurray,19065,1,2024-05-18T07:27:21.000Z,https://universalis.app/market/2514
2516,Mythril Culinary Knife,Tigre Caliente,49999,1,2024-05-06T11:10:25.000Z,https://universalis.app/market/2516
2517,Cobalt Culinary Knife,Feralix Reyze,15000,1,2024-05-15T12:56:22.000Z,https://universalis.app/market/2517
2518,Militia Culinary Knife,Yuki Nonaka,49999,1,2024-05-23T06:23:48.000Z,https://universalis.app/market/2518
2520,Bronze Pickaxe,Deadwood Deadwood,2500,1,2024-05-23T04:56:41.000Z,https://universalis.app/market/2520
2521,Amateur's Pickaxe,Sky Darkheart,7000,1,2024-05-04T08:56:47.000Z,https://universalis.app/market/2521
2522,Plumed Bronze Pickaxe,Deadwood Deadwood,10000,1,2024-05-23T04:58:58.000Z,https://universalis.app/market/2522
2523,Iron Pickaxe,Hamilton Xandra,2999,1,2024-05-17T17:46:48.000Z,https://universalis.app/market/2523
2524,Initiate's Pickaxe,Swift Valor,3000,1,2024-05-08T14:32:11.000Z,https://universalis.app/market/2524
2525,Iron Dolabra,Mtn-dew' Major-melon,7000,1,2024-05-07T14:29:48.000Z,https://universalis.app/market/2525
2526,Steel Pickaxe,Milena Rei,8399,1,2024-05-07T17:45:39.000Z,https://universalis.app/market/2526
2527,Steel Dolabra,Bim Danglefield,13000,1,2024-05-17T21:57:02.000Z,https://universalis.app/market/2527
2528,Plumed Mythril Pickaxe,Tiamat Dragonhart,50000,1,2024-05-06T00:49:51.000Z,https://universalis.app/market/2528
5327,Undyed Linen,Shirase Yoshida,50000,1,2024-05-19T01:08:26.000Z,https://universalis.app/market/5327
2529,Cobalt Dolabra,Flix Tal'dyr,35500,1,2024-05-15T00:25:05.000Z,https://universalis.app/market/2529
2530,Egret Dolabra,Ishii Utatsuki,59999,1,2024-05-21T12:26:11.000Z,https://universalis.app/market/2530
2534,Bronze Sledgehammer,Ryn Tymme,14999,1,2024-05-24T23:31:59.000Z,https://universalis.app/market/2534
2536,Initiate's Sledgehammer,Astaralynn Foreshadow,10001,1,2024-05-15T17:26:25.000Z,https://universalis.app/market/2536
2537,Iron Sledgehammer,Yoyoto Yoto,40000,1,2024-05-20T09:39:10.000Z,https://universalis.app/market/2537
2539,Steel Sledgehammer,Th'reftis Hyalenos,19044,1,2024-05-04T13:10:56.000Z,https://universalis.app/market/2539
2540,Wrapped Steel Sledgehammer,Gus Chiggins,17500,1,2024-05-21T05:28:16.000Z,https://universalis.app/market/2540
2542,Mythril Sledgehammer,Chadelico Nightrune,45500,1,2024-05-12T16:40:59.000Z,https://universalis.app/market/2542
2543,Cobalt Sledgehammer,Canadough Abootman,30000,1,2024-05-19T04:33:27.000Z,https://universalis.app/market/2543
2544,Militia Sledgehammer,Sparkle Bomb,40000,1,2024-05-21T21:16:32.000Z,https://universalis.app/market/2544
2546,Bronze Hatchet,Soteria Perrin,75000,1,2024-05-04T14:09:21.000Z,https://universalis.app/market/2546
2547,Amateur's Hatchet,Leia Lala,5000,1,2024-05-11T20:04:17.000Z,https://universalis.app/market/2547
2548,Iron Hatchet,Shino Norba,1000,1,2024-05-27T14:30:59.000Z,https://universalis.app/market/2548
2549,Initiate's Hatchet,Bonnie Mcmurray,1399,1,2024-05-12T06:11:30.000Z,https://universalis.app/market/2549
2550,Brass Hatchet,Tezca Coatl,3333,1,2024-05-20T15:37:38.000Z,https://universalis.app/market/2550
2551,Plumed Iron Hatchet,Seren Artes,35500,1,2024-05-19T12:28:07.000Z,https://universalis.app/market/2551
5359,Chocobo Feather,Lucif Wastix,5000,35,2024-05-14T18:06:27.000Z,https://universalis.app/market/5359
2552,Steel Hatchet,Ryn Tymme,8000,1,2024-05-04T16:10:05.000Z,https://universalis.app/market/2552
2553,Plumed Steel Hatchet,Surly Panther,3000,1,2024-05-30T09:34:24.000Z,https://universalis.app/market/2553
2554,Mythril Hatchet,Crayola Knight,50000,1,2024-05-13T02:20:47.000Z,https://universalis.app/market/2554
2555,Cobalt Hatchet,Popolaccino's Actor,16400,1,2024-05-16T19:33:43.000Z,https://universalis.app/market/2555
2556,Horned Hatchet,Roselyn Iris,30000,1,2024-05-10T20:35:39.000Z,https://universalis.app/market/2556
2560,Bronze Scythe,Darkhosis Vii,14999,1,2024-05-28T20:36:02.000Z,https://universalis.app/market/2560
2562,Iron Scythe,Wing Strife,25500,1,2024-05-11T21:39:01.000Z,https://universalis.app/market/2562
2563,Initiate's Scythe,Ameline Vendhen,5029,1,2024-05-13T00:50:18.000Z,https://universalis.app/market/2563
2565,Steel Scythe,Map Lock,50047,1,2024-05-12T15:19:45.000Z,https://universalis.app/market/2565
2566,Wrapped Steel Scythe,Melythia Sylvane,7065,1,2024-05-14T00:27:15.000Z,https://universalis.app/market/2566
2568,Mythril Scythe,Kal'lian Antiqua,27000,1,2024-05-23T01:45:37.000Z,https://universalis.app/market/2568
2569,Cobalt Scythe,Neo Cadenza,20000,1,2024-05-20T19:56:26.000Z,https://universalis.app/market/2569
2570,Militia Scythe,Geisha Devine,65493,1,2024-05-14T04:50:06.000Z,https://universalis.app/market/2570
2572,Maple Fishing Rod,Bonnie Mcmurray,4000,1,2024-05-18T07:41:21.000Z,https://universalis.app/market/2572
2573,Amateur's Fishing Rod,Tisiphone Kore,2000,1,2024-05-13T18:22:05.000Z,https://universalis.app/market/2573
2574,Elm Fishing Rod,Violin Musicorum,20000,1,2024-05-22T05:05:44.000Z,https://universalis.app/market/2574
2575,Initiate's Fishing Rod,Bonnie Mcmurray,5019,1,2024-05-18T19:53:59.000Z,https://universalis.app/market/2575
2576,Yew Fishing Rod,Ke'rii Ogasawara,39995,1,2024-05-20T16:22:25.000Z,https://universalis.app/market/2576
2577,Staghorn Fishing Rod,Yozora Nhmir,3000,1,2024-05-13T05:58:34.000Z,https://universalis.app/market/2577
2578,Walnut Fishing Rod,Laddy Varra,60000,1,2024-05-14T22:48:17.000Z,https://universalis.app/market/2578
2579,Horn Fishing Rod,Whoosa Goodkitty,5000,1,2024-05-17T20:02:43.000Z,https://universalis.app/market/2579
2580,Mahogany Fishing Rod,Flying Pillow,10000,1,2024-05-04T18:11:54.000Z,https://universalis.app/market/2580
2581,Rosewood Fishing Rod,Bettenhausen Leonhart,14299,1,2024-05-23T06:04:54.000Z,https://universalis.app/market/2581
2582,Gilded Rosewood Fishing Rod,Yenna Naeuri,45000,1,2024-05-24T05:37:05.000Z,https://universalis.app/market/2582
2588,Crayfish Ball,Astraea D'arius,32,99,2024-05-09T22:52:20.000Z,https://universalis.app/market/2588
4825,Rye Flour,Asas Quatch,1800,3,2024-05-30T04:30:05.000Z,https://universalis.app/market/4825
4925,Crayfish,Sophia Vrinn,2500,1,2024-05-19T23:00:47.000Z,https://universalis.app/market/4925
2589,Goby Ball,Sunbear Valace,389,99,2024-05-16T10:19:12.000Z,https://universalis.app/market/2589
4931,Dusk Goby,Ke'rii Ogasawara,2000,1,2024-05-16T20:49:51.000Z,https://universalis.app/market/4931
2593,Crab Ball,Sumire Tenshi,50,99,2024-05-09T22:41:05.000Z,https://universalis.app/market/2593
4880,Helmet Crab,Kat Suragi,4000,1,2024-05-09T01:21:32.000Z,https://universalis.app/market/4880
2595,Bass Ball,Sumire Tenshi,23,86,2024-05-09T22:41:34.000Z,https://universalis.app/market/2595
4826,Sunset Wheat Flour,Iya Ya,500,3,2024-05-26T12:32:36.000Z,https://universalis.app/market/4826
4959,Dark Bass,E'kekri Ndai,4999,1,2024-05-28T00:58:10.000Z,https://universalis.app/market/4959
2598,Herring Ball,Astraea D'arius,99,40,2024-05-11T05:43:52.000Z,https://universalis.app/market/2598
4895,Indigo Herring,Zephyr Darkmoon,1000,1,2024-05-23T04:33:42.000Z,https://universalis.app/market/4895
2610,Chocobo Fly,Vanilla Yogurt,199,48,2024-05-21T20:50:17.000Z,https://universalis.app/market/2610
2611,Floating Minnow,Meeko Mukash,99,48,2024-05-11T00:33:53.000Z,https://universalis.app/market/2611
2612,Brass Spoon Lure,Sumire Tenshi,1004,1,2024-05-09T22:41:28.000Z,https://universalis.app/market/2612
2614,Crow Fly,Sumire Tenshi,899,3,2024-05-09T22:40:47.000Z,https://universalis.app/market/2614
2615,Silver Spoon Lure,Stevi Skeletoon,20,30,2024-05-20T06:34:55.000Z,https://universalis.app/market/2615
2616,Steel Jig,Drunken Fisherman,67,99,2024-05-24T16:38:18.000Z,https://universalis.app/market/2616
2617,Sinking Minnow,Vanilla Yogurt,3008,3,2024-05-21T20:51:32.000Z,https://universalis.app/market/2617
2618,Snurble Fly,S'llandre Flamh,3000,5,2024-05-08T21:02:57.000Z,https://universalis.app/market/2618
5349,Snurble Tufts,Luna Fortuna,1501,99,2024-05-26T14:23:18.000Z,https://universalis.app/market/5349
2619,Heavy Steel Jig,Ren Ra-ra-ra,3000,5,2024-05-05T08:35:14.000Z,https://universalis.app/market/2619
2620,Spinner,B'rihnn Shall,4000,5,2024-05-05T00:38:28.000Z,https://universalis.app/market/2620
4900,Whitelip Oyster,Gwell Moko,998,2,2024-05-08T22:11:55.000Z,https://universalis.app/market/4900
2622,Mythril Spoon Lure,Koya Qerel,221,5,2024-05-05T02:31:58.000Z,https://universalis.app/market/2622
2623,Wildfowl Fly,Lumina Luna,1849,25,2024-05-08T15:21:40.000Z,https://universalis.app/market/2623
2624,Topwater Frog,Se'rah Farron,3500,5,2024-05-19T16:23:22.000Z,https://universalis.app/market/2624
2625,Rainbow Spoon Lure,B'rihnn Shall,4000,5,2024-05-05T00:40:26.000Z,https://universalis.app/market/2625
5466,Blacklip Oyster,Big Floepa,9000,4,2024-05-18T12:01:18.000Z,https://universalis.app/market/5466
2626,Spinnerbait,Gothica Garlond,5000,5,2024-05-09T10:00:45.000Z,https://universalis.app/market/2626
5329,Undyed Felt,Autumn Sunshine,7500,1,2024-05-04T22:37:04.000Z,https://universalis.app/market/5329
2627,Streamer,Eavan Llawchwith,1955,5,2024-05-12T10:38:57.000Z,https://universalis.app/market/2627
2628,Yumizuno,R'ayla Hyromire,5000,5,2024-05-20T03:51:36.000Z,https://universalis.app/market/2628
2629,Hempen Coif,Garrish Strong,4125000,1,2024-05-12T10:44:58.000Z,https://universalis.app/market/2629
2630,Hempen Coif of Gathering,Seanzzie Lightheart,42000000,1,2024-05-07T10:55:46.000Z,https://universalis.app/market/2630
2631,Leather Calot,Rozushi Mistwalker,99999,1,2024-05-14T17:03:46.000Z,https://universalis.app/market/2631
12590,Ramie Cloth,Delilah Doree,10000,1,2024-05-12T04:11:46.000Z,https://universalis.app/market/12590
12595,Ramie Thread,Arnica Knight,5000,1,2024-05-23T01:45:03.000Z,https://universalis.app/market/12595
2652,Hempen Bandana,Lein Hart,5000000,1,2024-05-08T20:53:36.000Z,https://universalis.app/market/2652
2653,Leather Eyepatch,Zephiro Rainelle,10000000,1,2024-05-23T17:31:13.000Z,https://universalis.app/market/2653
2654,Hard Leather Pot Helm,Caldur Moonshadow,2504,1,2024-05-27T22:25:06.000Z,https://universalis.app/market/2654
2655,Hempen Hat,Pulin Kelulin,102000000,1,2024-05-19T23:05:52.000Z,https://universalis.app/market/2655
2656,Bronze Chain Coif,Tora Dora,5000000,1,2024-05-24T21:54:36.000Z,https://universalis.app/market/2656
5081,Bronze Rings,Asya Yuki,475,10,2024-05-20T06:49:42.000Z,https://universalis.app/market/5081
2658,Straw Hat,Kai Gestalt,13900,1,2024-05-23T13:57:18.000Z,https://universalis.app/market/2658
5342,Straw,Bettenhausen Leonhart,300,3,2024-05-29T14:37:16.000Z,https://universalis.app/market/5342
2660,Amateur's Headgear,K'lyhhia Denna,6000,1,2024-05-21T04:59:04.000Z,https://universalis.app/market/2660
2661,Amateur's Hempen Coif,Azuro Leblanc,11005,1,2024-05-30T00:26:18.000Z,https://universalis.app/market/2661
2662,Bronze Sallet,Duneli Guneli,49999,1,2024-05-23T02:34:51.000Z,https://universalis.app/market/2662
2663,Stablemaid's Hat,Kai Gestalt,19500,1,2024-05-18T22:42:01.000Z,https://universalis.app/market/2663
5540,Carnation,Citrus Kokahmi,19,27,2024-05-31T00:22:33.000Z,https://universalis.app/market/5540
2664,Bronze Barbut,Helba Ahieress,44444,1,2024-05-05T21:17:04.000Z,https://universalis.app/market/2664
2665,Cotton Turban,Elphelt Bellarose,8006,1,2024-05-28T15:24:53.000Z,https://universalis.app/market/2665
2666,Stablehand's Hat,Renfrew Nocaire,3004,1,2024-05-04T08:43:54.000Z,https://universalis.app/market/2666
2668,Brass Spectacles,Kat Dababy,6000,1,2024-05-28T04:23:58.000Z,https://universalis.app/market/2668
5512,Clear Glass Lens,Myi' Ke,999,5,2024-05-26T19:44:41.000Z,https://universalis.app/market/5512
2669,Hard Leather Eyepatch,Omni Heartless,999,1,2024-05-10T22:06:33.000Z,https://universalis.app/market/2669
2670,Cotton Scarf,Desumi Soul,25000000,1,2024-05-11T20:53:10.000Z,https://universalis.app/market/2670
2672,Hard Leather Skullcap,Yinyinji Yinji,13008,1,2024-05-19T21:19:08.000Z,https://universalis.app/market/2672
2673,Bronze Celata,Katina Star,1000,1,2024-05-04T19:52:55.000Z,https://universalis.app/market/2673
2675,Ash Mask,Serephine Devoule,30250000,1,2024-05-11T08:11:31.000Z,https://universalis.app/market/2675
2677,Hunting Hat,Firey Dragon,10000,1,2024-05-06T02:47:07.000Z,https://universalis.app/market/2677
2680,Decorated Bronze Barbut,Puppy Brain,25000,1,2024-05-20T18:54:39.000Z,https://universalis.app/market/2680
2685,Brass Circlet (Sunstone),Atha Ra'ahn,4050,1,2024-05-17T14:58:29.000Z,https://universalis.app/market/2685
5169,Sunstone,Maeva Raine,98,2,2024-05-24T14:58:56.000Z,https://universalis.app/market/5169
2687,Brass Circlet (Danburite),Miwagi Hawari,1009,1,2024-05-07T19:39:34.000Z,https://universalis.app/market/2687
5170,Danburite,Renari Invictus,78,2,2024-05-23T17:10:55.000Z,https://universalis.app/market/5170
2689,Brass Circlet (Malachite),Laddy Varra,450,1,2024-05-28T20:45:25.000Z,https://universalis.app/market/2689
5171,Malachite,Argest Lancia,699,84,2024-05-21T12:59:16.000Z,https://universalis.app/market/5171
2691,Brass Circlet (Sphene),Puna'nae Bom'bae,1500,1,2024-05-23T16:31:27.000Z,https://universalis.app/market/2691
5172,Sphene,Vasella Ontagini,500,1,2024-05-24T21:31:28.000Z,https://universalis.app/market/5172
2693,Brass Circlet (Fluorite),Alden Ise,99,1,2024-05-27T08:22:22.000Z,https://universalis.app/market/2693
5173,Fluorite,N'erix Tia,250,1,2024-05-26T21:36:42.000Z,https://universalis.app/market/5173
2695,Brass Circlet (Lapis Lazuli),Map Lock,450,1,2024-05-13T16:36:01.000Z,https://universalis.app/market/2695
5174,Lapis Lazuli,John Forest,2124,2,2024-05-12T01:39:59.000Z,https://universalis.app/market/5174
2697,Goatskin Pot Helm,Seikatsu Yasashi,5000,1,2024-05-04T21:18:57.000Z,https://universalis.app/market/2697
2699,Cotton Coif,Raikyo Deus,9000,1,2024-05-22T21:23:19.000Z,https://universalis.app/market/2699
2700,Cotton Coif of Gathering,Kitteh Darwin,4999,1,2024-05-15T09:45:30.000Z,https://universalis.app/market/2700
2703,Ash Mask (Lapis Lazuli),A'vhut Jhari,25000,1,2024-05-29T01:57:31.000Z,https://universalis.app/market/2703
2708,Iron Sallet,Renn Crosner,3010,1,2024-05-19T18:05:33.000Z,https://universalis.app/market/2708
2710,Goatskin Eyepatch,Darceloix Dailemount,35000,1,2024-05-22T14:13:36.000Z,https://universalis.app/market/2710
2712,Iron Celata,Miana Himeko,5009,1,2024-05-23T02:44:07.000Z,https://universalis.app/market/2712
5082,Iron Rings,Vincent Gray,2000,1,2024-05-04T18:25:58.000Z,https://universalis.app/market/5082
2714,Initiate's Headgear,Swift Valor,49999,1,2024-05-09T14:30:17.000Z,https://universalis.app/market/2714
2719,Cotton Sugarloaf Hat,Forty Six,4000,1,2024-05-05T15:22:16.000Z,https://universalis.app/market/2719
2723,Iron Elmo,Suqei Guinea-horn,8000,1,2024-05-05T01:35:11.000Z,https://universalis.app/market/2723
2725,Reinforced Iron Sallet,Lu Monde,20000,1,2024-05-23T07:13:13.000Z,https://universalis.app/market/2725
2727,Velveteen Bandana,Nebuwu Misamo,32999,1,2024-05-30T15:36:07.000Z,https://universalis.app/market/2727
2728,Silver Spectacles,Free Boulder,26999,1,2024-05-28T04:49:21.000Z,https://universalis.app/market/2728
2729,Velveteen Turban,Astaralynn Foreshadow,9000,1,2024-05-16T15:30:50.000Z,https://universalis.app/market/2729
2731,Silver Magnifiers,Lil Sayu,38000,1,2024-05-29T00:22:58.000Z,https://universalis.app/market/2731
2733,Velveteen Wedge Cap of Crafting,Fukudo Tia,17999,1,2024-05-31T04:56:34.000Z,https://universalis.app/market/2733
2734,Velveteen Wedge Cap of Gathering,Kishiko Tsuru,7521,1,2024-05-25T06:37:52.000Z,https://universalis.app/market/2734
2735,Silver Circlet (Garnet),Carlotta Torrsos,50000,1,2024-05-15T06:25:43.000Z,https://universalis.app/market/2735
5175,Garnet,Goopy Butter,101,1,2024-05-26T02:22:34.000Z,https://universalis.app/market/5175
2737,Silver Circlet (Goshenite),Sylvain Bond,15000,1,2024-05-19T04:16:03.000Z,https://universalis.app/market/2737
5176,Goshenite,Maester Guado,1800,1,2024-05-23T05:40:18.000Z,https://universalis.app/market/5176
2739,Silver Circlet (Peridot),Drift Rosehollow,9000,1,2024-05-14T00:39:43.000Z,https://universalis.app/market/2739
5177,Peridot,Maeva Raine,502,18,2024-05-24T15:04:03.000Z,https://universalis.app/market/5177
2741,Silver Circlet (Heliodor),Bing Xiang,9000,1,2024-05-17T21:40:04.000Z,https://universalis.app/market/2741
5178,Heliodor,Maester Guado,500,3,2024-05-23T05:40:46.000Z,https://universalis.app/market/5178
2743,Silver Circlet (Amethyst),D'ade Murphy,11000,1,2024-05-23T21:08:53.000Z,https://universalis.app/market/2743
5179,Amethyst,Naotoe Shirogane,185,2,2024-05-24T23:09:31.000Z,https://universalis.app/market/5179
2745,Silver Circlet (Aquamarine),Kika Toki,19999,1,2024-05-14T14:52:31.000Z,https://universalis.app/market/2745
5180,Aquamarine,Winter Athame,71,1,2024-05-07T21:18:20.000Z,https://universalis.app/market/5180
2750,Velveteen Beret,Lilith Taure,40026,1,2024-05-05T01:54:59.000Z,https://universalis.app/market/2750
5343,Cotton Boll,Clarence Astralis,1000,1,2024-05-19T19:40:03.000Z,https://universalis.app/market/5343
5355,Dodo Feather,Theodosian Nightfang,25,1,2024-05-25T14:07:47.000Z,https://universalis.app/market/5355
2753,Steel Sallet,Echo Jayya,39999,1,2024-05-06T16:36:47.000Z,https://universalis.app/market/2753
2755,Steel Celata,Victor Wolf,65825,1,2024-05-13T08:24:46.000Z,https://universalis.app/market/2755
2757,Vintage Celata,Dorinere Calfslasher,40001,1,2024-05-20T17:33:13.000Z,https://universalis.app/market/2757
2667,Dented Celata,Kaneki Ghoul,1030,1,2024-05-11T07:09:29.000Z,https://universalis.app/market/2667
2758,Steel Goggles,Caffeine Central,60030,1,2024-05-21T00:15:28.000Z,https://universalis.app/market/2758
2763,Velveteen Sugarloaf Hat,Botcho Fulmhu,20000,1,2024-05-27T12:46:23.000Z,https://universalis.app/market/2763
2765,Steel Elmo,Gil Diggidy,10000,1,2024-05-23T06:52:12.000Z,https://universalis.app/market/2765
2767,Skull Eyepatch,Nawdie D'fun,32000,1,2024-05-20T22:42:25.000Z,https://universalis.app/market/2767
2769,Mythril Magnifiers,Yoh Gesshoku,12999,1,2024-05-23T14:08:39.000Z,https://universalis.app/market/2769
2774,Mythril Spectacles,Jaer Hq,20047,1,2024-05-09T22:40:21.000Z,https://universalis.app/market/2774
2776,Linen Turban,Kozi Aegen,10001,1,2024-05-14T12:38:12.000Z,https://universalis.app/market/2776
2778,Angler's Hat,Syllvaecis Paseveil,50000,1,2024-05-04T02:10:56.000Z,https://universalis.app/market/2778
2779,Linen Hat,Gar Red,49999,1,2024-05-22T19:55:03.000Z,https://universalis.app/market/2779
2785,Vintage Chef's Hat,Luna Elara,19999,1,2024-05-27T00:30:03.000Z,https://universalis.app/market/2785
2786,Steel Barbut,Zero Ace,10000,1,2024-05-25T22:44:15.000Z,https://universalis.app/market/2786
2790,Mythril Circlet (Rubellite),Ehbe'ya Zhida,40037,1,2024-05-10T02:40:37.000Z,https://universalis.app/market/2790
5181,Rubellite,Bladyn Zaccai,1000,1,2024-05-20T20:55:50.000Z,https://universalis.app/market/5181
2792,Mythril Circlet (Zircon),Elhaym Ajora,1999,1,2024-05-10T06:44:16.000Z,https://universalis.app/market/2792
5182,Zircon,Levi Ackermann,599,2,2024-05-14T04:05:03.000Z,https://universalis.app/market/5182
2794,Mythril Circlet (Tourmaline),Ayla Pharso,11700000,1,2024-05-08T03:05:53.000Z,https://universalis.app/market/2794
5184,Amber,Ezra Umbrasol,201,10,2024-05-04T13:07:21.000Z,https://universalis.app/market/5184
2798,Mythril Circlet (Spinel),Wax-on Wax-off,2000,1,2024-05-19T20:06:07.000Z,https://universalis.app/market/2798
5185,Spinel,Alyssa Wilde,2001,1,2024-05-15T05:52:04.000Z,https://universalis.app/market/5185
2800,Mythril Circlet (Turquoise),Catboy Summer,699,1,2024-05-30T06:39:50.000Z,https://universalis.app/market/2800
5186,Turquoise,Talrin Bregoa,1500,2,2024-05-30T04:08:31.000Z,https://universalis.app/market/5186
2802,Mythril Elmo,Raiden Bekster,59699,1,2024-05-20T22:24:11.000Z,https://universalis.app/market/2802
2804,Linen Wedge Cap of Crafting,Mako Finn,7000,1,2024-05-11T09:46:51.000Z,https://universalis.app/market/2804
2805,Linen Wedge Cap of Gathering,Sir Pizz,7000,1,2024-05-07T20:38:43.000Z,https://universalis.app/market/2805
2806,Woolen Coif,Elweard Locien,25000,1,2024-05-08T05:26:59.000Z,https://universalis.app/market/2806
5328,Undyed Woolen Cloth,Aleiya Hroka,7500,1,2024-05-31T05:24:50.000Z,https://universalis.app/market/5328
2808,Woolen Coif of Gathering,Daedalous Decore,34999,1,2024-05-04T21:02:22.000Z,https://universalis.app/market/2808
2810,Woolen Turban,Sui Fon,30000,1,2024-05-07T17:49:57.000Z,https://universalis.app/market/2810
2812,Mythril Celata,D'ade Murphy,59841,1,2024-05-13T05:24:33.000Z,https://universalis.app/market/2812
5089,Mythril Rings,Star Eater,1000,1,2024-05-09T00:52:29.000Z,https://universalis.app/market/5089
2814,Woolen Hat,Ayaka Namikiri,63936,1,2024-05-29T06:02:37.000Z,https://universalis.app/market/2814
2816,Linen Deerstalker,Lily Amherst,30000,1,2024-05-06T04:09:39.000Z,https://universalis.app/market/2816
2817,Mythril Barbut,Druza Einaris,7043,1,2024-05-04T03:32:53.000Z,https://universalis.app/market/2817
2819,Mythril Mesail,Bonnie Mcmurray,10049,1,2024-05-13T19:54:32.000Z,https://universalis.app/market/2819
2827,Mythril Chain Coif,Jean-paul Frogtre,15940,1,2024-05-07T20:40:21.000Z,https://universalis.app/market/2827
2829,Woolen Beret,Vuli Livu,54444,1,2024-05-31T00:08:12.000Z,https://universalis.app/market/2829
5348,Apkallu Down,Senna Ashido,3000,8,2024-05-04T09:13:44.000Z,https://universalis.app/market/5348
2830,Reinforced Mythril Elmo,Sayori Hoa,70053,1,2024-05-29T19:51:35.000Z,https://universalis.app/market/2830
2832,Woolen Cavalier's Hat,Lo Ysbryd,1499,1,2024-05-18T20:46:45.000Z,https://universalis.app/market/2832
2835,Felt Coif,Vivi Hoshiko,5000,1,2024-05-22T22:09:44.000Z,https://universalis.app/market/2835
2837,Felt Coif of Gathering,Vivi Hoshiko,5000,1,2024-05-22T22:12:06.000Z,https://universalis.app/market/2837
2850,Cobalt Elmo,Rozushi Mistwalker,19999,1,2024-05-25T02:06:19.000Z,https://universalis.app/market/2850
2852,Felt Hat,Blake Darkblade,50000,1,2024-05-25T08:57:34.000Z,https://universalis.app/market/2852
2854,Woolen Deerstalker,Konnor Valen,20000,1,2024-05-14T19:35:38.000Z,https://universalis.app/market/2854
2855,Vintage Jester's Cap,Sumi Jizutsu,49998,1,2024-05-20T16:04:34.000Z,https://universalis.app/market/2855
2857,Electrum Monocle,Halvard Lockhart,100000,1,2024-05-19T06:32:30.000Z,https://universalis.app/market/2857
5087,Brass Rings,Janis Joppling,200,2,2024-05-29T22:30:44.000Z,https://universalis.app/market/5087
2859,Cobalt Barbut,Ishii Utatsuki,29999,1,2024-05-25T12:32:13.000Z,https://universalis.app/market/2859
2861,Cobalt Mesail,Zephyr Hart,50000,1,2024-05-04T23:37:37.000Z,https://universalis.app/market/2861
2862,Raptorskin Pot Helm,Halla Kadlin,45000,1,2024-05-26T03:39:44.000Z,https://universalis.app/market/2862
2872,Electrum Circlet (Zircon),Lily Epheris,999999999,1,2024-05-11T01:37:24.000Z,https://universalis.app/market/2872
2874,Electrum Circlet (Tourmaline),Payne Leonhart,2944,1,2024-05-11T20:04:16.000Z,https://universalis.app/market/2874
2876,Electrum Circlet (Amber),Klaxar Sight,36000,1,2024-05-09T12:01:26.000Z,https://universalis.app/market/2876
2878,Electrum Circlet (Spinel),Miana Himeko,44444,1,2024-05-08T17:19:32.000Z,https://universalis.app/market/2878
2880,Electrum Circlet (Turquoise),Devil Ballad,1998,1,2024-05-07T17:45:37.000Z,https://universalis.app/market/2880
2882,Rainmaker's Hat,Lailah Lamassu,75000,1,2024-05-11T17:10:36.000Z,https://universalis.app/market/2882
2884,Cobalt Chain Coif,Ninetailed Fox,23000,1,2024-05-09T00:27:01.000Z,https://universalis.app/market/2884
5084,Cobalt Rings,Himari Nightingale,500,2,2024-05-13T20:00:09.000Z,https://universalis.app/market/5084
2886,Felt Beret,Kal'lian Antiqua,39990,1,2024-05-23T01:46:12.000Z,https://universalis.app/market/2886
2888,Vintage Coif,Titan Tiddies,25000,1,2024-05-14T13:42:17.000Z,https://universalis.app/market/2888
2759,Torn Coif,Oliver Witte,1700,1,2024-05-12T00:55:08.000Z,https://universalis.app/market/2759
2889,Cobalt Celata,Xia Red,2000,1,2024-05-19T08:53:31.000Z,https://universalis.app/market/2889
2891,Felt Cavalier's Hat,Merveille Valeri,38895,1,2024-05-09T11:22:05.000Z,https://universalis.app/market/2891
2893,Cobalt Sallet,Ace Max,22000,1,2024-05-11T13:30:17.000Z,https://universalis.app/market/2893
2895,Patrician's Wedge Cap,Ragna Valgos,42000,1,2024-05-13T03:44:56.000Z,https://universalis.app/market/2895
2911,Militia Barbut,Kassandra Lockhart,52000,1,2024-05-07T23:35:14.000Z,https://universalis.app/market/2911
2912,Militia Armet,Alex Storm,3999,1,2024-05-17T01:49:59.000Z,https://universalis.app/market/2912
2913,Militia Hat,Rot Sun,1875,1,2024-05-26T04:48:47.000Z,https://universalis.app/market/2913
2915,Silver Tricorne,Wind-up Meku,8999,1,2024-05-22T04:07:30.000Z,https://universalis.app/market/2915
5287,Uraeus Leather,Vebvi'vi Di'vici,12001,1,2024-05-19T06:00:43.000Z,https://universalis.app/market/5287
2920,Carpenter's Hood,Tera Shell,5900,1,2024-05-11T18:50:59.000Z,https://universalis.app/market/2920
2921,Blacksmith's Goggles,Sollaeren Guilthana,19990,1,2024-05-17T18:39:09.000Z,https://universalis.app/market/2921
2922,Armorer's Visor,Saint Mephistopheles,10070,1,2024-05-26T02:03:28.000Z,https://universalis.app/market/2922
2923,Goldsmith's Turban,Tera Shell,5800,1,2024-05-11T18:53:45.000Z,https://universalis.app/market/2923
2924,Leatherworker's Hat,Tera Shell,10000,1,2024-05-11T18:53:54.000Z,https://universalis.app/market/2924
2925,Weaver's Gibus,Tera Shell,39750,1,2024-05-11T18:54:04.000Z,https://universalis.app/market/2925
2926,Alchemist's Monocle,Tera Shell,50000,1,2024-05-11T18:54:13.000Z,https://universalis.app/market/2926
2927,Culinarian's Hat,Sylvana Mul'droth,50000,1,2024-05-13T23:01:32.000Z,https://universalis.app/market/2927
2928,Hamlet Digger's Helmet,Puppy Lover,50000,1,2024-05-09T17:57:31.000Z,https://universalis.app/market/2928
2929,Hamlet Cutter's Hat,Yomi Jompker,30065,1,2024-05-30T03:06:47.000Z,https://universalis.app/market/2929
2930,Hamlet Puller's Hat,Ellesendra Hart,32000,1,2024-05-28T06:19:40.000Z,https://universalis.app/market/2930
2932,Rose Gold Circlet,Alicyn Wonderland,999,1,2024-05-11T01:10:47.000Z,https://universalis.app/market/2932
2931,Legionary Visor,Courtesan Roulette,445900000,1,2024-05-11T01:02:24.000Z,https://universalis.app/market/2931
5067,Rose Gold Ingot,Theblack Inquisition,2400,1,2024-05-25T19:29:20.000Z,https://universalis.app/market/5067
2933,Imperial Operative Tricorne,Lailah Lamassu,4999,1,2024-05-11T20:24:39.000Z,https://universalis.app/market/2933
2934,Imperial Operative Hat,Cardboard Tube,2000,1,2024-05-14T18:38:49.000Z,https://universalis.app/market/2934
2938,Gryphonskin Bandana,Lekaka Leka,1500,1,2024-05-04T13:56:52.000Z,https://universalis.app/market/2938
5289,Hard Hippogryph Leather,Neo Cadenza,9001,1,2024-05-06T02:25:42.000Z,https://universalis.app/market/5289
2939,Gryphonskin Hat,Torrent Fall,3997,1,2024-05-16T00:54:03.000Z,https://universalis.app/market/2939
2940,Darksteel Chain Coif,Felli Loss,1300,1,2024-05-09T17:42:29.000Z,https://universalis.app/market/2940
5085,Darksteel Rings,Kerina Surfrider,403,2,2024-05-09T02:18:33.000Z,https://universalis.app/market/5085
2941,Vanya Hat of Casting,Kara Rednam,9000,1,2024-05-10T02:59:09.000Z,https://universalis.app/market/2941
5577,Vanya Silk Hat Lining,Cedrik Winterbane,1700,2,2024-05-11T02:55:44.000Z,https://universalis.app/market/5577
2942,Vanya Hat of Healing,Saviana Astrala,2995,1,2024-05-17T02:58:47.000Z,https://universalis.app/market/2942
2958,Hempen Dalmatica,Lycoris Lunaris,4000,1,2024-05-18T15:22:44.000Z,https://universalis.app/market/2958
2959,Hempen Dalmatica of Gathering,Laddy Varra,2000,1,2024-05-11T13:25:26.000Z,https://universalis.app/market/2959
2960,Hempen Tunic,Fuyu Hanako,35000000,1,2024-05-04T23:10:26.000Z,https://universalis.app/market/2960
2961,Hempen Kurta,Slimyr Pasta,20000000,1,2024-05-13T22:28:19.000Z,https://universalis.app/market/2961
2993,Company Tabard,Rarity Opalescence,1495000,1,2024-05-23T05:23:50.000Z,https://universalis.app/market/2993
2996,Hempen Undershirt,Kyrisa Moreria,2000,1,2024-05-08T19:51:31.000Z,https://universalis.app/market/2996
2997,Hempen Camise,Bleigeim Fhruhhyrtwyn,12000,1,2024-05-05T18:11:01.000Z,https://universalis.app/market/2997
2999,Hempen Tabard,Kiyoriu Tanaka,20000,1,2024-05-27T22:35:25.000Z,https://universalis.app/market/2999
3000,Hempen Cowl,Neppy Ibuki,3000,1,2024-05-05T12:31:00.000Z,https://universalis.app/market/3000
3001,Hempen Shepherd's Tunic,Ereg Ia,30000,1,2024-05-27T22:51:12.000Z,https://universalis.app/market/3001
3008,Hempen Acton,Wax-on Wax-off,3000,1,2024-05-04T20:15:46.000Z,https://universalis.app/market/3008
5341,Moko Grass,Tator Thot,350,99,2024-05-13T13:52:43.000Z,https://universalis.app/market/5341
3010,Hempen Halfrobe,Damionn Fugazi,10000,1,2024-05-28T00:57:24.000Z,https://universalis.app/market/3010
3011,Bronze Haubergeon,Runic Raven,6735000,1,2024-05-25T17:16:13.000Z,https://universalis.app/market/3011
3013,Amateur's Doublet Vest,Bjorn Belm,10750000,1,2024-05-23T02:11:24.000Z,https://universalis.app/market/3013
3014,Amateur's Kurta,Cloudy Vibes,5007,1,2024-05-12T15:00:12.000Z,https://universalis.app/market/3014
3015,Amateur's Dalmatica,Makoto Dejiki,28797301,1,2024-05-08T01:35:03.000Z,https://universalis.app/market/3015
3016,Leather Jacket,Caldur Moonshadow,3000,1,2024-05-27T22:25:30.000Z,https://universalis.app/market/3016
3017,Hard Leather Harness,Elaine Lennox,10000,1,2024-05-28T03:08:35.000Z,https://universalis.app/market/3017
3018,Hempen Robe,Wax-on Wax-off,4000,1,2024-05-06T20:16:33.000Z,https://universalis.app/market/3018
3019,Hempen Doublet Vest of Crafting,Amai Kokonattsu,800,1,2024-05-07T18:15:06.000Z,https://universalis.app/market/3019
3020,Hempen Doublet Vest of Gathering,Queen Raspberry,5000,1,2024-05-19T08:44:02.000Z,https://universalis.app/market/3020
3022,Cotton Shirt,Billy Bum,5011,1,2024-05-12T21:00:22.000Z,https://universalis.app/market/3022
3023,Cotton Shepherd's Tunic,Eliza Hurst,20011,1,2024-05-28T21:40:24.000Z,https://universalis.app/market/3023
3024,Cotton Cowl,Donovan Killinger,11500,1,2024-05-19T19:24:13.000Z,https://universalis.app/market/3024
3026,Bronze Cuirass,Wax-on Wax-off,7011,1,2024-05-06T20:14:58.000Z,https://universalis.app/market/3026
3028,Cotton Tabard,Cipher Belle,15000,1,2024-05-20T05:17:42.000Z,https://universalis.app/market/3028
3036,Cotton Dalmatica,Raikyo Deus,2000,1,2024-05-22T21:23:54.000Z,https://universalis.app/market/3036
3038,Cotton Dalmatica of Gathering,Ryn Tymme,20000,1,2024-05-22T19:11:55.000Z,https://universalis.app/market/3038
3039,Cotton Acton,Azura Highwind,15000,1,2024-05-15T14:19:12.000Z,https://universalis.app/market/3039
3041,Cotton Kurta,Vox Syl,15000,1,2024-05-09T04:06:33.000Z,https://universalis.app/market/3041
3043,Goatskin Jacket,Darceloix Dailemount,799,1,2024-05-22T14:14:22.000Z,https://universalis.app/market/3043
3045,Iron Cuirass,Ameline Vendhen,10000,1,2024-05-15T13:05:32.000Z,https://universalis.app/market/3045
3050,Cotton Halfrobe,Dazaii Osamu,10000,1,2024-05-11T18:50:26.000Z,https://universalis.app/market/3050
3052,Cotton Doublet Vest of Crafting,Klaxar Sight,49999,1,2024-05-04T05:06:04.000Z,https://universalis.app/market/3052
3053,Cotton Doublet Vest of Gathering,Hamburger Help-me,20000,1,2024-05-15T00:56:04.000Z,https://universalis.app/market/3053
3057,Iron Scale Mail,Solo Oathkeeper,25000,1,2024-05-05T00:56:47.000Z,https://universalis.app/market/3057
3060,Cotton Trapper's Tunic,Sun Crowley,998,1,2024-05-05T19:39:14.000Z,https://universalis.app/market/3060
3062,Cotton Robe,Spook Kirijo,11024,1,2024-05-17T03:14:05.000Z,https://universalis.app/market/3062
3064,Initiate's Doublet Vest,K'ali Loweherz,8000,1,2024-05-26T04:28:48.000Z,https://universalis.app/market/3064
3065,Initiate's Gown,Suza'zi Zossau,14999,1,2024-05-12T16:39:05.000Z,https://universalis.app/market/3065
3066,Velveteen Shirt,Raikyo Deus,8000,1,2024-05-10T19:19:20.000Z,https://universalis.app/market/3066
3068,Heavy Iron Armor,Kumiko Sagan,5000000,1,2024-05-04T04:12:24.000Z,https://universalis.app/market/3068
3076,Vintage Coatee,Belari Rose,14990,1,2024-05-04T22:11:30.000Z,https://universalis.app/market/3076
3009,Moth-eaten Coatee,Catopuma Toboggan,20000,1,2024-05-15T21:00:38.000Z,https://universalis.app/market/3009
3077,Velveteen Coatee of Crafting,Nawdie D'fun,17000,1,2024-05-19T21:42:52.000Z,https://universalis.app/market/3077
3090,Velveteen Cowl,Mixed Signals,400000000,1,2024-05-15T18:52:38.000Z,https://universalis.app/market/3090
3092,Velveteen Coatee of Gathering,Astra Lykke,25000,1,2024-05-16T23:01:34.000Z,https://universalis.app/market/3092
3096,Steel Chainmail,Pressing Buttons,32000,1,2024-05-24T17:26:40.000Z,https://universalis.app/market/3096
5083,Steel Rings,Raijin Kata,400,18,2024-05-29T02:16:24.000Z,https://universalis.app/market/5083
3099,Toadskin Jerkin,Belle Morte,18000,1,2024-05-10T01:21:21.000Z,https://universalis.app/market/3099
3100,Toadskin Jacket,Raikyo Deus,32500,1,2024-05-10T20:11:45.000Z,https://universalis.app/market/3100
3102,Steel Cuirass,Lily Epheris,45900000,1,2024-05-27T05:44:55.000Z,https://universalis.app/market/3102
3104,Velveteen Gown,Akira Kurusui,8489,1,2024-05-29T21:24:43.000Z,https://universalis.app/market/3104
3105,Vintage Doublet Vest,Shady Smalls,40077,1,2024-05-27T04:27:51.000Z,https://universalis.app/market/3105
2998,Frayed Cotton Doublet Vest,Pearl Forrester,5000,1,2024-05-09T00:39:27.000Z,https://universalis.app/market/2998
3106,Velveteen Robe,Svetozar Zlatasch,50000,1,2024-05-20T15:18:47.000Z,https://universalis.app/market/3106
3118,Steel Scale Mail,Aeise Hime,12050,1,2024-05-14T22:49:40.000Z,https://universalis.app/market/3118
3120,Velveteen Doublet Vest of Crafting,Ame Izayoi,35400,1,2024-05-16T15:12:26.000Z,https://universalis.app/market/3120
3121,Velveteen Doublet Vest of Gathering,Zarel Haragin,35500,1,2024-05-31T01:13:49.000Z,https://universalis.app/market/3121
3125,Linen Shirt,Z'lele Arda,8500,1,2024-05-05T03:36:30.000Z,https://universalis.app/market/3125
3127,Heavy Steel Armor,Riya Myu,40054,1,2024-05-24T20:27:08.000Z,https://universalis.app/market/3127
3131,Linen Robe,Astaralynn Foreshadow,24000,1,2024-05-30T14:18:43.000Z,https://universalis.app/market/3131
3137,Vintage Chef's Apron,Titan Tiddies,50000,1,2024-05-10T03:49:21.000Z,https://universalis.app/market/3137
3012,Stained Chef's Apron,Lily Belladonna,10054,1,2024-05-09T20:41:10.000Z,https://universalis.app/market/3012
3138,Boarskin Harness,Haneul Ahn,16000,1,2024-05-25T02:02:37.000Z,https://universalis.app/market/3138
3140,Linen Cowl,Rykoga Dreadstone,20000,1,2024-05-08T06:31:37.000Z,https://universalis.app/market/3140
3142,Horn Scale Mail,Echo Earthrise,40000,1,2024-05-17T01:23:05.000Z,https://universalis.app/market/3142
3144,Linen Coatee of Crafting,Versai Tenebria,50000,1,2024-05-04T20:53:27.000Z,https://universalis.app/market/3144
3145,Linen Coatee of Gathering,Ronick Shikhu,25000,1,2024-05-20T02:20:26.000Z,https://universalis.app/market/3145
3146,Linen Bliaud,Piza Vazi,50000,1,2024-05-09T16:39:56.000Z,https://universalis.app/market/3146
3147,Woolen Shirt,Lilith Merlskyfwyn,50000,1,2024-05-05T03:23:14.000Z,https://universalis.app/market/3147
3149,Mythril Cuirass,I'm Trig,55555,1,2024-05-16T23:37:24.000Z,https://universalis.app/market/3149
3160,Woolen Robe,Ozwyn Murciel,30000,1,2024-05-06T00:59:49.000Z,https://universalis.app/market/3160
3162,Linen Smock,Ella Vonbrath,50000000,1,2024-05-19T19:31:16.000Z,https://universalis.app/market/3162
3163,Linen Doublet,D- Wolf,25000,1,2024-05-20T21:01:38.000Z,https://universalis.app/market/3163
3164,Vintage Scale Mail,Strummer Cash,50000,1,2024-05-26T18:14:55.000Z,https://universalis.app/market/3164
3021,Blackened Scale Mail,Spook Kirijo,2150,1,2024-05-22T03:58:05.000Z,https://universalis.app/market/3021
3165,Peisteskin Harness,Mako Belnades,40000,1,2024-05-27T14:43:43.000Z,https://universalis.app/market/3165
3172,Ranger's Tunic,Astaralynn Foreshadow,24999,1,2024-05-23T15:21:39.000Z,https://universalis.app/market/3172
3174,Mythril Haubergeon,Valvra Munilis,54999,1,2024-05-16T19:26:15.000Z,https://universalis.app/market/3174
3176,Woolen Gown,Bluu Rae,15000,1,2024-05-17T11:19:38.000Z,https://universalis.app/market/3176
3177,Boarskin Jerkin,Mako Belnades,40000,1,2024-05-28T21:52:05.000Z,https://universalis.app/market/3177
3178,Woolen Bliaud,Fairtale Sunstar,2479,1,2024-05-26T03:22:55.000Z,https://universalis.app/market/3178
3180,High Mythril Armor,Ao Violet,50000,1,2024-05-26T07:19:53.000Z,https://universalis.app/market/3180
3182,Vintage Seneschal Coatee,Me'owtla Jhari,50000,1,2024-05-23T00:51:45.000Z,https://universalis.app/market/3182
3098,Moth-eaten Seneschal Coatee,Ruby Harker,34999,1,2024-05-27T01:11:27.000Z,https://universalis.app/market/3098
3183,Tortoiseshell Scale Mail,Princess Princess,33000,1,2024-05-11T19:02:20.000Z,https://universalis.app/market/3183
3185,Felt Robe,Ezra Umbrasol,20000,1,2024-05-04T13:21:34.000Z,https://universalis.app/market/3185
3187,Woolen Smock,Karyn Ava,28999,1,2024-05-25T17:33:17.000Z,https://universalis.app/market/3187
3188,Woolen Doublet,Claire Demento,8499,1,2024-05-18T07:54:59.000Z,https://universalis.app/market/3188
3191,Raptorskin Harness,Joyous Melody,12000,1,2024-05-13T22:56:34.000Z,https://universalis.app/market/3191
3193,Woolen Cowl,Sparty Mcfly,45000,1,2024-05-11T10:43:05.000Z,https://universalis.app/market/3193
3201,Rainmaker's Tunic,Ravi Oli,49998,1,2024-05-21T23:27:13.000Z,https://universalis.app/market/3201
3203,Cobalt Haubergeon,Feralix Reyze,70000,1,2024-05-15T20:32:33.000Z,https://universalis.app/market/3203
3205,Felt Gown,Qiri Vild'n,36999,1,2024-05-26T15:53:32.000Z,https://universalis.app/market/3205
3206,Raptorskin Jerkin,Naomi Lynne,43000,1,2024-05-08T12:12:17.000Z,https://universalis.app/market/3206
3208,Vintage Robe,William Karasin,34999,1,2024-05-23T04:38:05.000Z,https://universalis.app/market/3208
3108,Tattered Robe,Farth Dader,4500,1,2024-05-25T18:36:50.000Z,https://universalis.app/market/3108
3209,Cobalt Cuirass,Xia Red,13100,1,2024-05-19T08:53:37.000Z,https://universalis.app/market/3209
3211,Felt Bliaud,Puppie Girl,57999,1,2024-05-11T02:34:24.000Z,https://universalis.app/market/3211
3213,Raptorskin Jacket,Xena Blade,30000,1,2024-05-21T18:19:57.000Z,https://universalis.app/market/3213
3215,Patrician's Coatee,Ragna Valgos,44909,1,2024-05-13T03:45:03.000Z,https://universalis.app/market/3215
3218,Vintage Haubergeon,Raze Krigsdagr,35000,1,2024-05-05T22:43:07.000Z,https://universalis.app/market/3218
3229,Carpenter's Gown,Pepper Roux,12992,1,2024-05-10T17:40:16.000Z,https://universalis.app/market/3229
3230,Blacksmith's Apron,Deneb Drakonas,24869,1,2024-05-18T23:23:20.000Z,https://universalis.app/market/3230
3231,Armorer's Gown,Yunalesca Yevon,14400,1,2024-05-17T07:33:12.000Z,https://universalis.app/market/3231
3232,Goldsmith's Doublet,Verity Valen,39999,1,2024-05-23T04:11:07.000Z,https://universalis.app/market/3232
3233,Leatherworker's Shirt,Aisuru Tenshi,24000,1,2024-05-09T23:29:09.000Z,https://universalis.app/market/3233
3234,Weaver's Swallowtail,Anna Deidamia,24998,1,2024-05-13T02:06:25.000Z,https://universalis.app/market/3234
3235,Alchemist's Coat,Tempest Djt-bidit,17400,1,2024-05-26T08:56:00.000Z,https://universalis.app/market/3235
3236,Culinarian's Apron,Sylvana Mul'droth,80000,1,2024-05-13T23:01:36.000Z,https://universalis.app/market/3236
3237,Miner's Shirt,Pepper Roux,55000,1,2024-05-10T17:36:10.000Z,https://universalis.app/market/3237
3238,Botanist's Doublet,Jay Moore,50000,1,2024-05-25T04:37:43.000Z,https://universalis.app/market/3238
3239,Fisher's Shirt,Kitsune San,80000,1,2024-05-05T14:13:46.000Z,https://universalis.app/market/3239
3240,Militia Robe,Janchette Narmandais,2000,1,2024-05-11T21:10:55.000Z,https://universalis.app/market/3240
3241,Militia Cuirass,Laavi Lazulite,3999,1,2024-05-23T03:23:29.000Z,https://universalis.app/market/3241
3242,Militia Harness,Kassandra Lockhart,25119,1,2024-05-07T23:35:29.000Z,https://universalis.app/market/3242
3243,Mosshorn Scale Mail,Kalo'to Landili,8499,1,2024-05-08T10:00:09.000Z,https://universalis.app/market/3243
5437,Mossy Horn,Tiny Egg,90,2,2024-05-12T22:23:28.000Z,https://universalis.app/market/5437
3244,Dodore Doublet,Machiken Ballistae,30000,1,2024-05-27T03:30:45.000Z,https://universalis.app/market/3244
5286,Dodore Leather,Aspen Winterfield,2999,2,2024-05-14T06:43:00.000Z,https://universalis.app/market/5286
3249,Imperial Operative Dalmatica,E-haukke- Tera,2000,1,2024-05-20T16:45:14.000Z,https://universalis.app/market/3249
