id,name,buyerName,pricePerUnit,quantity,timestamp,universalisUrl
1602,Bronze Bastard Sword,Fire Afrit,90000000,1,2024-04-24T21:08:55.000Z,https://universalis.app/market/1602
2,Fire Shard,Umari Kisne,175,55,2024-04-23T02:13:27.000Z,https://universalis.app/market/2
5,Earth Shard,Toshiro Itadori,175,55,2024-04-06T01:18:16.000Z,https://universalis.app/market/5
5056,Bronze Ingot,Vanilla Yogurt,3999,6,2024-04-30T00:42:29.000Z,https://universalis.app/market/5056
5361,Maple Lumber,Selecia Medeiros,2000,1,2024-04-19T15:18:14.000Z,https://universalis.app/market/5361
5432,Bone Chip,Yui Akira,196,4,2024-04-15T22:52:32.000Z,https://universalis.app/market/5432
1603,Viking Sword,Rajin Belmont,14980,1,2024-04-12T19:45:36.000Z,https://universalis.app/market/1603
5275,Leather,Xeno Oni,198,91,2024-04-23T08:59:03.000Z,https://universalis.app/market/5275
1604,Ash Macuahuitl,Kung Fu,506,1,2024-04-08T22:05:26.000Z,https://universalis.app/market/1604
3,Ice Shard,Jaya Folthorne,373,105,2024-04-17T16:26:21.000Z,https://universalis.app/market/3
4,Wind Shard,Milena Rei,197,1960,2024-04-22T21:44:50.000Z,https://universalis.app/market/4
5124,Obsidian,Gigi Orniter,419,15,2024-04-21T20:25:10.000Z,https://universalis.app/market/5124
5364,Ash Lumber,Nagato- Uzumaki,2000,1,2024-04-19T16:14:35.000Z,https://universalis.app/market/5364
1605,Bronze Spatha,Alynde Cirha,12000,1,2024-04-05T22:48:27.000Z,https://universalis.app/market/1605
5276,Hard Leather,Blyssbryda Hyltwyn,10001,64,2024-04-16T11:05:30.000Z,https://universalis.app/market/5276
5434,Ram Horn,Aria Star,900000,1,2024-04-15T12:57:14.000Z,https://universalis.app/market/5434
1607,Brass Bastard Sword,Alina Drajeel,4887,1,2024-04-13T02:11:55.000Z,https://universalis.app/market/1607
5063,Brass Ingot,Vanitas Xiii,2000,1,2024-04-06T23:00:30.000Z,https://universalis.app/market/5063
1609,Brass Viking Sword,Mikazuki Tsuki,8000,1,2024-04-14T20:59:30.000Z,https://universalis.app/market/1609
5277,Aldgoat Leather,Yuki Hart,30000,25,2024-04-06T17:24:50.000Z,https://universalis.app/market/5277
1611,Carnage Sword,Porcelain Heart,1599,1,2024-04-09T15:39:26.000Z,https://universalis.app/market/1611
1614,Iron Shortsword,Kyra Crescent,2016,1,2024-04-16T13:26:12.000Z,https://universalis.app/market/1614
5057,Iron Ingot,Midna Tenebrae,1000000,25,2024-04-21T13:20:22.000Z,https://universalis.app/market/5057
5367,Elm Lumber,Ajax Telamonian,2250,2,2024-04-11T02:55:58.000Z,https://universalis.app/market/5367
1622,Iron Spatha,Kalleena Aedras,2500,1,2024-04-28T04:04:40.000Z,https://universalis.app/market/1622
5435,Antelope Horn,Cow King,2000,5,2024-04-14T00:19:02.000Z,https://universalis.app/market/5435
1625,Steel Broadsword,Enoch Sol,29999,1,2024-04-08T22:08:27.000Z,https://universalis.app/market/1625
5058,Steel Ingot,Aubrey Calpurnia,20001,2,2024-04-20T22:08:22.000Z,https://universalis.app/market/5058
5371,Walnut Lumber,Niko Sumi,5000,18,2024-04-17T08:26:13.000Z,https://universalis.app/market/5371
5444,Wolf Fang,Midna Tenebrae,15000,4,2024-04-21T20:15:51.000Z,https://universalis.app/market/5444
1627,Elm Macuahuitl,Yuki Oda,4568,1,2024-04-06T08:48:32.000Z,https://universalis.app/market/1627
1633,Steel Falchion,Athena Scar,30000,1,2024-04-08T19:22:33.000Z,https://universalis.app/market/1633
5260,Siltstone Whetstone,Gunnar Armstrong,2500,2,2024-04-08T00:26:14.000Z,https://universalis.app/market/5260
1635,Vintage Bastard Sword,Normai Sodakin,10000,1,2024-04-11T03:03:28.000Z,https://universalis.app/market/1635
8,Fire Crystal,Sophia Softscale,99,100,2024-04-03T08:22:28.000Z,https://universalis.app/market/8
5259,Mudstone Whetstone,Angel Death,999,11,2024-04-12T04:58:35.000Z,https://universalis.app/market/5259
1637,Walnut Macuahuitl,Buubba Thesecon,11000,1,2024-04-03T21:33:25.000Z,https://universalis.app/market/1637
5125,Wyvern Obsidian,Alvaldi Bergelmir,500,5,2024-04-08T01:05:43.000Z,https://universalis.app/market/5125
1639,Steel Longsword,Sophia Z'ee,30000,1,2024-04-23T17:23:42.000Z,https://universalis.app/market/1639
5504,Fish Glue,Whiffing Shots,3800,1,2024-04-13T00:27:58.000Z,https://universalis.app/market/5504
1642,Goblin Scimitar,Merriah Kittanh,17499,1,2024-04-04T09:12:39.000Z,https://universalis.app/market/1642
1613,Blunt Goblin Scimitar,Aurora Fae,2043,1,2024-04-13T04:42:19.000Z,https://universalis.app/market/1613
1643,Mythril Broadsword,Azura Highwind,50000,1,2024-04-17T16:51:38.000Z,https://universalis.app/market/1643
5065,Mythril Ingot,Nuala Maani,2999,99,2024-04-08T15:33:58.000Z,https://universalis.app/market/5065
5373,Oak Lumber,Whiffing Shots,2500,16,2024-04-21T01:24:03.000Z,https://universalis.app/market/5373
1648,Vintage Viking Sword,Luck Gandor,44999,1,2024-04-03T05:27:41.000Z,https://universalis.app/market/1648
11,Earth Crystal,Darwen Ixthania,998,200,2024-04-21T03:49:47.000Z,https://universalis.app/market/11
1616,Nicked Viking Sword,Ashe Fallen,23000,1,2024-04-20T05:44:10.000Z,https://universalis.app/market/1616
1649,Goblin Longsword,Da'triten Sivs,39999,1,2024-04-12T19:38:52.000Z,https://universalis.app/market/1649
1621,Blunt Goblin Longsword,Arshens Nei,5000,1,2024-04-03T06:10:27.000Z,https://universalis.app/market/1621
5262,Basilisk Whetstone,Pandora Kat,10000,1,2024-04-21T02:58:35.000Z,https://universalis.app/market/5262
1650,Plumed Oak Macuahuitl,Skyla Brightmore,27948,1,2024-04-04T20:15:19.000Z,https://universalis.app/market/1650
5360,Wildfowl Feather,Genjiro Tanagaki,1000,2,2024-04-07T20:01:57.000Z,https://universalis.app/market/5360
1657,Cobalt Katzbalger,Vanessa Stormwind,20000,1,2024-04-15T04:43:12.000Z,https://universalis.app/market/1657
5059,Cobalt Ingot,Ishtar Anastasia,5500,1,2024-04-22T19:12:44.000Z,https://universalis.app/market/5059
5066,Electrum Ingot,Deadeye Reaper,3000,2,2024-04-14T09:48:30.000Z,https://universalis.app/market/5066
5282,Boar Leather,Kana Xiao,10000,1,2024-04-05T20:32:53.000Z,https://universalis.app/market/5282
1659,Cobalt Shamshir,Alcander Faris,55554,1,2024-04-05T00:52:24.000Z,https://universalis.app/market/1659
5436,Aldgoat Horn,Taco Pizza,500000,1,2024-04-22T22:58:03.000Z,https://universalis.app/market/5436
1663,Cobalt Winglet,Alcander Faris,55443,1,2024-04-05T00:52:51.000Z,https://universalis.app/market/1663
5374,Mahogany Lumber,Ruven Dorsys,3500,1,2024-04-11T05:11:05.000Z,https://universalis.app/market/5374
5465,Sunrise Tellin,Alastor Kaplan,1100,10,2024-04-13T21:19:07.000Z,https://universalis.app/market/5465
5505,Horn Glue,Shyrys Lo-thil,11979,9,2024-04-21T03:36:37.000Z,https://universalis.app/market/5505
1666,Giantsgall Longsword,Kurt Wagner,6500,1,2024-04-28T08:13:26.000Z,https://universalis.app/market/1666
18,Lightning Cluster,Retroactive Augury,1000,1,2024-04-19T20:49:14.000Z,https://universalis.app/market/18
19,Water Cluster,Coach Senpai,989,100,2024-04-08T03:01:16.000Z,https://universalis.app/market/19
7579,Mossy Stone Sword,Lancelot Niterode,50,1,2024-04-24T10:42:27.000Z,https://universalis.app/market/7579
7620,Diluted Vitriol,Sir Wakkaluca,1100,1,2024-04-04T22:26:26.000Z,https://universalis.app/market/7620
1670,Aeolian Scimitar,Craze Foods,79979,1,2024-04-08T13:49:09.000Z,https://universalis.app/market/1670
1636,Blunt Aeolian Scimitar,Ms Eldari,8040,1,2024-04-26T03:26:46.000Z,https://universalis.app/market/1636
5061,Darksteel Nugget,Zaryn Vysoren,2800,1,2024-04-11T21:18:35.000Z,https://universalis.app/market/5061
1673,Mailbreaker,Reacyn Pogue,2799,1,2024-04-12T02:32:12.000Z,https://universalis.app/market/1673
14,Fire Cluster,Pauline Levista,595,100,2024-04-20T22:52:06.000Z,https://universalis.app/market/14
17,Earth Cluster,Leili Kouris,190,400,2024-04-11T22:26:02.000Z,https://universalis.app/market/17
5068,Rose Gold Nugget,Aureole Adora-vivos,5101,1,2024-04-04T20:39:51.000Z,https://universalis.app/market/5068
5288,Hippogryph Leather,Whiffing Shots,4000,2,2024-04-13T03:59:32.000Z,https://universalis.app/market/5288
5570,Mailbreaker Blade,Endra Shorkacat,2000,2,2024-04-11T08:07:38.000Z,https://universalis.app/market/5570
1681,Bone Hora,Ilnori Lavellan,20000,1,2024-04-28T14:07:18.000Z,https://universalis.app/market/1681
5318,Animal Sinew,Silas Othemaas,400,99,2024-04-22T09:52:34.000Z,https://universalis.app/market/5318
1682,Leather Himantes,Van Haigood,10000,1,2024-04-11T04:07:26.000Z,https://universalis.app/market/1682
5324,Undyed Hempen Cloth,Trux Canum,302,1,2024-04-13T02:32:30.000Z,https://universalis.app/market/5324
1683,Ramhorn Claws,Yuukine Koiyuki,5008,1,2024-04-16T01:33:09.000Z,https://universalis.app/market/1683
1684,Bronze Knuckles,Azazel Blaze,9000,1,2024-04-20T12:39:17.000Z,https://universalis.app/market/1684
1685,Hard Leather Himantes,Rajin Belmont,1000,1,2024-04-13T16:34:03.000Z,https://universalis.app/market/1685
1686,Brass Knuckles,Kalleena Aedras,5013,1,2024-04-23T03:36:14.000Z,https://universalis.app/market/1686
1688,Goatskin Cesti,David Achiever,10000,1,2024-04-14T20:08:10.000Z,https://universalis.app/market/1688
5319,Beast Sinew,Khita Neqhota,1000,1,2024-04-11T02:36:53.000Z,https://universalis.app/market/5319
1694,Spiked Knuckles,Beta Sandbag,5000,1,2024-04-11T02:15:29.000Z,https://universalis.app/market/1694
5072,Iron Plate,Yeshi Noshi,1740,25,2024-04-06T23:41:04.000Z,https://universalis.app/market/5072
1697,Toadskin Cesti,Cyril Strife,14995,1,2024-04-05T23:09:04.000Z,https://universalis.app/market/1697
5280,Toad Leather,Ishtar Anastasia,5000,1,2024-04-13T03:15:55.000Z,https://universalis.app/market/5280
5320,Diremite Sinew,Z'atanna Taqa,1000,3,2024-04-04T23:49:04.000Z,https://universalis.app/market/5320
1699,Steel Claws,Onigiri Umeboshi,5000,1,2024-04-19T00:22:45.000Z,https://universalis.app/market/1699
5073,Steel Plate,Hiso Reno,1100,25,2024-04-06T17:35:59.000Z,https://universalis.app/market/5073
1706,Crabshell Hora,Flap Jak,27999,1,2024-04-06T02:39:23.000Z,https://universalis.app/market/1706
5321,Hippogryph Sinew,Staxyn Vardena,6000,2,2024-04-29T06:52:45.000Z,https://universalis.app/market/5321
5456,Green Megalocrab Shell,Ranulf Brooks,500,2,2024-04-04T03:19:05.000Z,https://universalis.app/market/5456
1708,Boarskin Himantes,Asano Rahl-majere,25000,1,2024-04-21T21:06:50.000Z,https://universalis.app/market/1708
1711,Mythril Claws,Oompa Loompah,20000,1,2024-04-19T05:18:43.000Z,https://universalis.app/market/1711
5079,Mythril Plate,Junko Desbear,9999,2,2024-04-23T22:27:11.000Z,https://universalis.app/market/5079
1716,Tortoiseshell Hora,Sven Gunter,12999,1,2024-04-11T07:56:58.000Z,https://universalis.app/market/1716
5322,Raptor Sinew,Chito Yuuri,7006,4,2024-04-20T20:18:27.000Z,https://universalis.app/market/5322
5458,Adamantoise Shell,Jasmine Shafto,10,1,2024-04-11T03:25:34.000Z,https://universalis.app/market/5458
1723,Cobalt Knuckles,Stuff Co,55554,1,2024-04-17T22:47:31.000Z,https://universalis.app/market/1723
1728,Peisteskin Cesti,Ithuriel Arashi,5092,1,2024-04-17T03:41:30.000Z,https://universalis.app/market/1728
5284,Peiste Leather,Dandy Mochi,5000,1,2024-04-19T18:39:34.000Z,https://universalis.app/market/5284
1732,Vintage Hora,Tuazon Thedon,45000,1,2024-04-09T02:28:02.000Z,https://universalis.app/market/1732
1701,Chipped Hora,Becca Rozenaria,595,1,2024-04-15T01:06:32.000Z,https://universalis.app/market/1701
5285,Raptor Leather,Ariadne Duke,1200,1,2024-04-03T23:16:35.000Z,https://universalis.app/market/5285
1733,Cobalt Claws,Hegott Thudripp,20000,1,2024-04-07T23:40:37.000Z,https://universalis.app/market/1733
5074,Cobalt Plate,Kali Virac,8000,2,2024-04-29T23:30:13.000Z,https://universalis.app/market/5074
1736,Giantsgall Claws,Stanik Zelasch,3094,1,2024-04-11T19:24:00.000Z,https://universalis.app/market/1736
1740,Wildling's Cesti,Azazel Blaze,59800,1,2024-04-09T01:04:22.000Z,https://universalis.app/market/1740
10,Wind Crystal,Darwen Ixthania,998,200,2024-04-21T03:49:57.000Z,https://universalis.app/market/10
5567,Bloody Cesti Covers,Didrianna Winterset,1900,1,2024-04-12T01:53:23.000Z,https://universalis.app/market/5567
1743,Avengers,Syl Veon,4099,1,2024-04-18T02:05:31.000Z,https://universalis.app/market/1743
5378,Spruce Lumber,Maegan Motrix,10000,1,2024-04-07T00:14:16.000Z,https://universalis.app/market/5378
5571,Avenger Grips,Endra Shorkacat,1499,1,2024-04-11T08:08:02.000Z,https://universalis.app/market/5571
1750,Bronze War Axe,Keeperof Saltyfish,1750,1,2024-04-26T20:53:33.000Z,https://universalis.app/market/1750
1751,Bronze Labrys,Yari Zuko,2095,1,2024-04-12T22:30:59.000Z,https://universalis.app/market/1751
1752,Cloud Axe,Minako Oniyuki,5008,1,2024-04-26T07:02:06.000Z,https://universalis.app/market/1752
1753,Spiked Bronze Labrys,Khuja Tribal,15000,1,2024-04-07T11:56:15.000Z,https://universalis.app/market/1753
1754,Iron War Axe,Lilly Ariti,5013,1,2024-04-17T20:33:38.000Z,https://universalis.app/market/1754
1756,Iron Labrys,Smarr Tungus,9016,1,2024-04-18T03:17:57.000Z,https://universalis.app/market/1756
1758,Inferno Axe,Choco Muffin,7017,1,2024-04-25T06:44:58.000Z,https://universalis.app/market/1758
1764,Iron Bill,Esther Keshet,10000,1,2024-04-19T07:00:39.000Z,https://universalis.app/market/1764
4856,Clove Oil,Ri Rii,500,3,2024-04-28T17:25:15.000Z,https://universalis.app/market/4856
5368,Yew Lumber,Rathkor Ferriger,5000,25,2024-04-13T21:03:51.000Z,https://universalis.app/market/5368
1766,Thunderstorm Axe,Kaden Col,10000,1,2024-04-23T22:42:50.000Z,https://universalis.app/market/1766
5064,Silver Ingot,Rori Reaper,4000,1,2024-04-04T12:06:03.000Z,https://universalis.app/market/5064
1769,Spiked Steel Labrys,Morgan Redfang,5000,1,2024-04-10T00:03:10.000Z,https://universalis.app/market/1769
1776,Steel Bardiche,Rexx Xerxes,25000,1,2024-04-08T09:25:21.000Z,https://universalis.app/market/1776
5405,Yew Branch,Vioielle Vremaix,1000,5,2024-04-20T04:14:21.000Z,https://universalis.app/market/5405
1778,Steel Bhuj,Kol Duvallis,50062,1,2024-04-16T16:12:57.000Z,https://universalis.app/market/1778
1781,Spiked Mythril Labrys,Nula Nula,35000,1,2024-04-20T04:38:34.000Z,https://universalis.app/market/1781
1786,Mythril Bhuj,Oblivious Djin,25000,1,2024-04-09T00:44:58.000Z,https://universalis.app/market/1786
1796,Buccaneer's Bardiche,Alcander Faris,55444,1,2024-04-05T00:53:09.000Z,https://universalis.app/market/1796
5414,Rosewood Branch,Eclipse Vinux,1000,10,2024-04-10T02:28:13.000Z,https://universalis.app/market/5414
1800,Vintage Bill,Sweet Devil,20000,1,2024-04-06T01:52:20.000Z,https://universalis.app/market/1800
1771,Notched Bill,Arshens Nei,5000,1,2024-04-03T15:17:39.000Z,https://universalis.app/market/1771
1801,Demilune Bhuj,Anhur Xb,20000,1,2024-04-28T17:35:54.000Z,https://universalis.app/market/1801
5196,Jadeite,Raven Shadowmist,5000,1,2024-04-25T20:00:47.000Z,https://universalis.app/market/5196
1803,Spiked Cobalt Labrys,Koznhevikova Teralind,40000,1,2024-04-16T04:42:16.000Z,https://universalis.app/market/1803
5376,Rosewood Lumber,Sadus Tegg,4200,20,2024-04-27T01:27:46.000Z,https://universalis.app/market/5376
1806,Giantsgall War Axe,Stanik Zelasch,7495,1,2024-04-04T11:36:36.000Z,https://universalis.app/market/1806
7580,Mossy Stone Axe,Lancelot Niterode,21,1,2024-04-24T10:42:33.000Z,https://universalis.app/market/7580
1810,Barbarian's Bardiche,Orange Acid,89879,1,2024-04-07T21:25:08.000Z,https://universalis.app/market/1810
5566,Bloody Bardiche Head,Ahri Mako,1968,1,2024-04-14T06:09:53.000Z,https://universalis.app/market/5566
1813,Rampager,Sterrbryda Toegwyb,11165,1,2024-04-08T10:24:03.000Z,https://universalis.app/market/1813
5075,Darksteel Plate,Booty Jones,5000,6,2024-04-05T19:19:16.000Z,https://universalis.app/market/5075
5572,Rampager Head,Didrianna Winterset,2000,2,2024-04-13T00:15:23.000Z,https://universalis.app/market/5572
1820,Bone Harpoon,Khalit Ugunda,5005,1,2024-04-11T00:15:02.000Z,https://universalis.app/market/1820
5503,Animal Glue,Astarion Tavsan,1000,2,2024-04-06T15:34:18.000Z,https://universalis.app/market/5503
1821,Bronze Spear,Gwell Moko,3006,1,2024-04-26T08:03:49.000Z,https://universalis.app/market/1821
5482,Fish Oil,Rajin Belmont,3000,1,2024-04-12T19:39:26.000Z,https://universalis.app/market/5482
1822,Ramhorn Harpoon,Sirrion Dragonfang,25000,1,2024-04-11T00:30:58.000Z,https://universalis.app/market/1822
1823,Feathered Harpoon,Eliza Hurst,4990,1,2024-04-25T21:19:23.000Z,https://universalis.app/market/1823
5352,Crow Feather,Derzalas Dovah,500,1,2024-04-06T15:41:06.000Z,https://universalis.app/market/5352
5433,Soiled Femur,Sky Eclipse,469,3,2024-04-29T23:51:27.000Z,https://universalis.app/market/5433
1824,Brass Spear,Rajin Belmont,250,1,2024-04-15T16:56:51.000Z,https://universalis.app/market/1824
1825,Iron Spear,Asano Rahl-majere,5014,1,2024-04-15T00:33:54.000Z,https://universalis.app/market/1825
1827,Iron Lance,Eliza Hurst,6500,1,2024-04-25T21:29:23.000Z,https://universalis.app/market/1827
1833,Iron Guisarme,Yuki Oda,14000,1,2024-04-14T10:38:50.000Z,https://universalis.app/market/1833
1836,Silver Battle Fork,Aeyma Yelho,5000,1,2024-04-15T21:07:43.000Z,https://universalis.app/market/1836
5484,Crab Oil,Miztress Kitty,15552,2,2024-04-03T03:51:47.000Z,https://universalis.app/market/5484
1838,Steel Halberd,Tsugumi Abumin,9000,1,2024-04-12T22:02:43.000Z,https://universalis.app/market/1838
1845,Steel Spear,Jean-paul Frogtre,16000,1,2024-04-28T00:09:12.000Z,https://universalis.app/market/1845
1847,Heavy Steel Lance,Andromeda Arknes,16998,1,2024-04-23T20:44:36.000Z,https://universalis.app/market/1847
1850,Yarzonshell Harpoon,Callisto Pendragon,25000,1,2024-04-28T03:06:58.000Z,https://universalis.app/market/1850
5454,Yellow Yarzon Leg,Kioko Shiro,900,3,2024-04-27T21:26:36.000Z,https://universalis.app/market/5454
1855,Mythril Lance,Keyoh Kizonami,20000,1,2024-04-12T20:01:52.000Z,https://universalis.app/market/1855
1862,Cobalt Halberd,Eva Frost,38069,1,2024-04-24T04:32:19.000Z,https://universalis.app/market/1862
1867,Cobalt Trident,Bexi Cogpocket,30000,1,2024-04-06T02:09:22.000Z,https://universalis.app/market/1867
5486,Shark Oil,Vermillion Star,10500,1,2024-04-24T03:49:49.000Z,https://universalis.app/market/5486
1871,Vintage Guisarme,Darekin Cloudbearer,9980,1,2024-04-14T00:14:29.000Z,https://universalis.app/market/1871
9,Ice Crystal,Free Boulder,175,55,2024-04-10T13:54:35.000Z,https://universalis.app/market/9
1840,Crooked Guisarme,Dobar Allocen,1998,1,2024-04-15T02:25:03.000Z,https://universalis.app/market/1840
1872,Hart Guisarme,Forgetful Shadow,24600,1,2024-04-08T00:57:40.000Z,https://universalis.app/market/1872
1875,Giantsgall Trident,Bjorn Golmarr,6475,1,2024-04-07T12:54:21.000Z,https://universalis.app/market/1875
7582,Mossy Stone Spear,Lancelot Niterode,21,1,2024-04-24T10:43:26.000Z,https://universalis.app/market/7582
1879,Champion's Lance,Mikey Phillip,99900,1,2024-04-03T18:05:58.000Z,https://universalis.app/market/1879
5565,Bloody Lance Head,Rascal Raccoon,12000,1,2024-04-27T17:13:28.000Z,https://universalis.app/market/5565
1882,Obelisk,Stanik Zelasch,2425,1,2024-04-05T09:36:14.000Z,https://universalis.app/market/1882
5573,Obelisk Head,Didrianna Winterset,1499,2,2024-04-12T01:54:06.000Z,https://universalis.app/market/5573
1891,Maple Shortbow,Shiyo Takao,5005,1,2024-04-22T23:06:02.000Z,https://universalis.app/market/1891
5333,Hempen Yarn,Myi' Ke,400,2,2024-04-09T05:51:55.000Z,https://universalis.app/market/5333
1892,Maple Longbow,Shizuku Kitamura,3006,1,2024-04-07T20:51:02.000Z,https://universalis.app/market/1892
5396,Maple Branch,Sycella Morning,499,99,2024-04-28T18:19:34.000Z,https://universalis.app/market/5396
1893,Plumed Maple Shortbow,Sirrion Dragonfang,100,1,2024-04-21T02:20:03.000Z,https://universalis.app/market/1893
5351,Cock Feather,Bunavia Bellesyn,420,1,2024-04-29T00:48:24.000Z,https://universalis.app/market/5351
1894,Wrapped Maple Longbow,Miztress Kitty,685,1,2024-04-03T03:39:16.000Z,https://universalis.app/market/1894
5402,Ash Branch,Arifa Norphine,1000,7,2024-04-13T01:08:58.000Z,https://universalis.app/market/5402
1895,Ash Shortbow,Sasha Lyna,9998,1,2024-04-28T17:54:45.000Z,https://universalis.app/market/1895
1897,Elm Longbow,Lailah Lamassu,8500,1,2024-04-17T01:31:47.000Z,https://universalis.app/market/1897
5334,Cotton Yarn,Koruria Urabon,500,7,2024-04-20T13:10:13.000Z,https://universalis.app/market/5334
1899,Elm Velocity Bow,Kayla Lykke,10000,1,2024-04-04T20:49:07.000Z,https://universalis.app/market/1899
1905,Wrapped Elm Longbow,Torigae Ragara,5029,1,2024-04-15T20:41:23.000Z,https://universalis.app/market/1905
1908,Ash Composite Bow,Frantic Taco,22000,1,2024-04-22T20:53:27.000Z,https://universalis.app/market/1908
1915,Ash Cavalry Bow,Maiya Kusakari,35357,1,2024-04-22T15:27:40.000Z,https://universalis.app/market/1915
5409,Oak Branch,Andromeda Valerius,1000,1,2024-04-29T00:58:35.000Z,https://universalis.app/market/5409
1917,Oak Longbow,Eramus Larkstin,55555,1,2024-04-16T00:51:06.000Z,https://universalis.app/market/1917
5336,Linen Yarn,Viz I',7000,1,2024-04-29T21:28:30.000Z,https://universalis.app/market/5336
1920,Mythril Cavalry Bow,Bexalia Asteria,18900,1,2024-04-28T18:44:19.000Z,https://universalis.app/market/1920
1925,Oak Composite Bow,Seryona Ghrimwyn,55555,1,2024-04-13T22:03:12.000Z,https://universalis.app/market/1925
1932,Cobalt Cavalry Bow,Anhur Xb,20500,1,2024-04-14T02:23:14.000Z,https://universalis.app/market/1932
1937,Yew Longbow,Azele Eunos,48903,1,2024-04-09T04:23:43.000Z,https://universalis.app/market/1937
1941,Vintage Bow,Dardar Binks,7500,1,2024-04-22T00:50:57.000Z,https://universalis.app/market/1941
1910,Warped Bow,Rivv Amolen,14000,1,2024-04-13T22:24:12.000Z,https://universalis.app/market/1910
1942,Crab Bow,Eve Rorru,55555,1,2024-04-23T18:51:38.000Z,https://universalis.app/market/1942
5462,Red Coral,Hawaiian Punch,7500,1,2024-04-20T09:26:59.000Z,https://universalis.app/market/5462
1945,Giantsgall Longbow,Amy Alexandria,2069,1,2024-04-22T03:13:27.000Z,https://universalis.app/market/1945
7583,Mossy Stone Bow,Raf Al,234,1,2024-04-27T17:32:47.000Z,https://universalis.app/market/7583
1949,Longarm's Composite Bow,Aspen Starflare,99800,1,2024-04-25T05:24:57.000Z,https://universalis.app/market/1949
5568,Bloody Bow Rim,Aisha Inohwa,4000,1,2024-04-15T19:58:28.000Z,https://universalis.app/market/5568
1953,Sarnga,Aryes Swiftpaw,1199,1,2024-04-13T03:11:53.000Z,https://universalis.app/market/1953
15,Ice Cluster,Taco Pizza,46,1994,2024-04-15T16:43:36.000Z,https://universalis.app/market/15
16,Wind Cluster,Posty Maloney,898,100,2024-04-14T00:44:31.000Z,https://universalis.app/market/16
5574,Sarnga Limb,Endra Shorkacat,2287,2,2024-04-06T03:39:38.000Z,https://universalis.app/market/5574
1958,Maple Wand,Zero Silvermile,600000,1,2024-04-07T06:23:58.000Z,https://universalis.app/market/1958
6,Lightning Shard,Freyja Daywind,175,55,2024-04-09T03:40:16.000Z,https://universalis.app/market/6
7,Water Shard,Neph'ra Xaphan,175,55,2024-04-10T21:27:07.000Z,https://universalis.app/market/7
5470,Growth Formula Alpha,Logan Black,850,1,2024-04-27T18:50:25.000Z,https://universalis.app/market/5470
1959,Whispering Maple Wand,Kuroro Lucilfer,9999,1,2024-04-22T07:23:34.000Z,https://universalis.app/market/1959
1960,Budding Maple Wand,Tsugumi Abumin,6000,1,2024-04-07T23:43:51.000Z,https://universalis.app/market/1960
5492,Beastkin Blood,Evelynn Lucivarian,3500000,1,2024-04-27T21:39:05.000Z,https://universalis.app/market/5492
1961,Ash Wand,Harriet Montgomery,30009,1,2024-04-21T05:57:59.000Z,https://universalis.app/market/1961
5471,Growth Formula Beta,Vii Riis,6000,10,2024-04-15T00:17:50.000Z,https://universalis.app/market/5471
1963,Budding Ash Wand,Melrit Brave,10000,1,2024-04-05T21:51:48.000Z,https://universalis.app/market/1963
1965,Whispering Ash Wand,Kikyo Tosho,10000,1,2024-04-03T19:19:21.000Z,https://universalis.app/market/1965
5493,Scalekin Blood,Glam Orous,1000,99,2024-04-04T03:58:47.000Z,https://universalis.app/market/5493
1967,Yew Wand,Zero Silvermile,200000,1,2024-04-06T15:51:06.000Z,https://universalis.app/market/1967
1969,Budding Yew Wand,Tatsu Natchimura,3990,1,2024-04-05T07:36:09.000Z,https://universalis.app/market/1969
1971,Budding Oak Wand,Seryona Ghrimwyn,50000,1,2024-04-13T20:33:58.000Z,https://universalis.app/market/1971
4603,Hi-Potion of Mind,Jeranis Liran,2221,3,2024-04-03T04:35:31.000Z,https://universalis.app/market/4603
1974,Wand of Frost,Maya Sarial,25000,1,2024-04-03T19:38:52.000Z,https://universalis.app/market/1974
5199,Eye of Ice,Karasu Gremory,999,1,2024-04-25T23:33:40.000Z,https://universalis.app/market/5199
5472,Growth Formula Gamma,Boo Gdn,8000,1,2024-04-11T13:23:37.000Z,https://universalis.app/market/5472
1976,Wand of Tremors,Skyla Brightmore,30000,1,2024-04-04T22:28:53.000Z,https://universalis.app/market/1976
5201,Eye of Earth,Spine Grinder,1000,3,2024-04-04T21:40:34.000Z,https://universalis.app/market/5201
1978,Wand of Tides,Jeranis Liran,40000,1,2024-04-14T17:02:48.000Z,https://universalis.app/market/1978
5203,Eye of Water,Terrace De'tusk,500,1,2024-04-04T05:58:02.000Z,https://universalis.app/market/5203
1981,Wand of Flames,Smooth Cola,3462,1,2024-04-19T03:31:16.000Z,https://universalis.app/market/1981
5198,Eye of Fire,Althea Valorenzzz,18050,1,2024-04-10T11:31:17.000Z,https://universalis.app/market/5198
1983,Wand of Gales,Z'weta Belmont,10000,1,2024-04-06T19:57:33.000Z,https://universalis.app/market/1983
5200,Eye of Wind,Luci Mourningstar,442,1,2024-04-05T16:06:09.000Z,https://universalis.app/market/5200
1985,Wand of Storms,Altemys Theldry,1000,1,2024-04-20T04:14:40.000Z,https://universalis.app/market/1985
5202,Eye of Lightning,Terrace De'tusk,420,1,2024-04-04T05:56:11.000Z,https://universalis.app/market/5202
1987,Budding Rosewood Wand,Meteor Lightbringer,39084,1,2024-04-11T16:25:41.000Z,https://universalis.app/market/1987
4608,Mega-Potion of Mind,Jesanna Morningstar,14500,1,2024-04-07T20:11:50.000Z,https://universalis.app/market/4608
5494,Spoken Blood,Vii Riis,10000,2,2024-04-15T00:53:54.000Z,https://universalis.app/market/5494
1996,Maple Cane,Lian Horeath,10000,1,2024-04-24T14:19:59.000Z,https://universalis.app/market/1996
1997,Maple Crook,Sky Eclipse,999,1,2024-04-25T23:08:39.000Z,https://universalis.app/market/1997
1998,Ash Radical,Lard Derigible,699,1,2024-04-03T23:50:12.000Z,https://universalis.app/market/1998
2000,Elm Cane,Vesper Bae,2015,1,2024-04-23T20:39:15.000Z,https://universalis.app/market/2000
2002,Elm Crook,Naorika Elvania,450,1,2024-04-07T22:07:59.000Z,https://universalis.app/market/2002
2004,Yew Radical,Kanibal Klown,10000,1,2024-04-21T02:12:53.000Z,https://universalis.app/market/2004
2010,Pastoral Yew Cane,Aethos Lamia,946,1,2024-04-22T13:18:11.000Z,https://universalis.app/market/2010
2011,Yew Crook,Alastor Kaplan,4780,1,2024-04-03T02:59:13.000Z,https://universalis.app/market/2011
2015,Walnut Cane,Muzzle Drool,22000,1,2024-04-14T07:30:18.000Z,https://universalis.app/market/2015
2021,Plumed Yew Crook,Asch Fabre,5000,1,2024-04-15T21:08:39.000Z,https://universalis.app/market/2021
2023,Oak Radical,Bayarmaa Kha-rouge,12000,1,2024-04-12T23:55:09.000Z,https://universalis.app/market/2023
2026,Pastoral Oak Cane,Jeranis Liran,25000,1,2024-04-03T04:33:17.000Z,https://universalis.app/market/2026
2030,Sprouting Rosewood Radical,Yvaine Rosamilia,22996,1,2024-04-18T16:16:06.000Z,https://universalis.app/market/2030
2039,Jade Crook,Stein Phite,35440,1,2024-04-04T15:31:17.000Z,https://universalis.app/market/2039
2041,Vintage Cane,Ritsu Ishida,20000,1,2024-04-17T20:43:03.000Z,https://universalis.app/market/2041
2014,Splintered Cane,Ciaran Camoa,5000,1,2024-04-04T14:08:42.000Z,https://universalis.app/market/2014
2044,Pastoral Mahogany Cane,Tera Belle,2500,1,2024-04-17T02:03:34.000Z,https://universalis.app/market/2044
5335,Dew Thread,Atlas Valentina,1300,2,2024-04-16T03:07:29.000Z,https://universalis.app/market/5335
2047,Tane Mahuta,Sun Wu'kong,29000,1,2024-04-18T04:10:32.000Z,https://universalis.app/market/2047
5555,Ochu Vine,Risty Ana,1500,1,2024-04-23T14:55:37.000Z,https://universalis.app/market/5555
2048,Giantsgall Cane,Andromeda Arknes,3899,1,2024-04-21T18:42:28.000Z,https://universalis.app/market/2048
2049,Madman's Whispering Rod,Ms Elistina,87000,1,2024-04-04T23:12:26.000Z,https://universalis.app/market/2049
12,Lightning Crystal,Drayden Vabzir,456,100,2024-04-09T07:00:07.000Z,https://universalis.app/market/12
13,Water Crystal,Seph-ka Varia,175,55,2024-04-06T00:15:25.000Z,https://universalis.app/market/13
5473,Growth Formula Delta,Kiiro Tenshi,5000,1,2024-04-21T04:45:01.000Z,https://universalis.app/market/5473
5537,Thavnairian Mistletoe,Conner Macleod,901,12,2024-04-29T17:50:31.000Z,https://universalis.app/market/5537
5547,Vampire Plant,June Mist,101,9,2024-04-29T04:34:00.000Z,https://universalis.app/market/5547
2051,Alkalurops,Rosaline Belnades,4000,1,2024-04-06T09:38:47.000Z,https://universalis.app/market/2051
5575,Suspended Trillium Flower,Roxcine Saebir,2021,1,2024-04-15T12:55:03.000Z,https://universalis.app/market/5575
2056,Bone Brand,Dazaii Osamu,2000,1,2024-04-23T12:42:51.000Z,https://universalis.app/market/2056
5197,Marbled Eye,Wynd Willow,150,1,2024-04-07T20:28:01.000Z,https://universalis.app/market/5197
2057,Copper Scepter,Raih'a Elairn,1000,1,2024-04-08T13:59:58.000Z,https://universalis.app/market/2057
5062,Copper Ingot,Pondering Priv,1000,4,2024-04-15T11:09:08.000Z,https://universalis.app/market/5062
2058,Bronze Scepter,Ra Zetzy,1007,1,2024-04-28T21:51:21.000Z,https://universalis.app/market/2058
2059,Brass Cudgel,Aeyma Yelho,10009,1,2024-04-07T23:52:29.000Z,https://universalis.app/market/2059
2061,Decorated Copper Scepter,T'erra Branford,5011,1,2024-04-19T02:44:05.000Z,https://universalis.app/market/2061
5258,Ragstone Whetstone,Kisor Kurantilius,350,1,2024-04-29T20:42:59.000Z,https://universalis.app/market/5258
2063,Wind Brand,Storm Nyteweaver,17999,1,2024-04-08T05:09:30.000Z,https://universalis.app/market/2063
2066,Ice Brand,Solars Eclipse,4000,1,2024-04-16T09:31:55.000Z,https://universalis.app/market/2066
2069,Silver Scepter,Jpeg Wes,5000,1,2024-04-21T03:38:32.000Z,https://universalis.app/market/2069
5527,Brimstone,Nocette Joulioud,2400,2,2024-04-07T16:21:09.000Z,https://universalis.app/market/5527
2071,Earth Brand,Blake Belladonna',10000,1,2024-04-03T20:25:05.000Z,https://universalis.app/market/2071
2076,Decorated Silver Scepter,Solis Blitzkrieg,977,1,2024-04-25T00:37:33.000Z,https://universalis.app/market/2076
2078,Fire Brand,Daria Durami,55555,1,2024-04-21T05:07:44.000Z,https://universalis.app/market/2078
2083,Lightning Brand,Sottomessa Kitten,5000,1,2024-04-13T13:14:10.000Z,https://universalis.app/market/2083
2088,Electrum Scepter,Althea Kil'vin,9979,1,2024-04-15T01:26:21.000Z,https://universalis.app/market/2088
5489,Quicksilver,Punished Demon,10002,1,2024-04-24T01:00:17.000Z,https://universalis.app/market/5489
2093,Vintage Cudgel,Eisen Joyce,7000,1,2024-04-19T04:01:29.000Z,https://universalis.app/market/2093
5092,Iron Rivets,Lucian Lycangard,1999,99,2024-04-09T18:14:55.000Z,https://universalis.app/market/5092
2094,Water Brand,Torigae Ragara,4997,1,2024-04-24T20:27:18.000Z,https://universalis.app/market/2094
2097,Jade Scepter,Hegott Thudripp,3500,1,2024-04-06T18:11:46.000Z,https://universalis.app/market/2097
5168,Jade,Gwell Moko,945,3,2024-04-19T06:42:12.000Z,https://universalis.app/market/5168
5439,Ogre Horn,Cohan Holigard,55,20,2024-04-09T16:59:43.000Z,https://universalis.app/market/5439
2102,Sanguine Scepter,Fareeha Skye,99760,1,2024-04-09T10:59:31.000Z,https://universalis.app/market/2102
5206,Pinprick Pebble,Gestald Coalbrack,99,1,2024-04-25T06:04:18.000Z,https://universalis.app/market/5206
2106,Bone Staff,Shiki Amorii,1005,1,2024-04-17T00:56:05.000Z,https://universalis.app/market/2106
2107,Ramhorn Staff,Tsugumi Abumin,1500,1,2024-04-04T21:54:29.000Z,https://universalis.app/market/2107
2108,Decorated Bone Staff,Asteon Vaerzel,999,1,2024-04-28T03:50:31.000Z,https://universalis.app/market/2108
5442,Bat Fang,Logan Black,375,1,2024-04-28T20:32:26.000Z,https://universalis.app/market/5442
2109,Toothed Ramhorn Staff,Barnabas Lasbrot,2000,1,2024-04-16T06:02:16.000Z,https://universalis.app/market/2109
2111,Staghorn Staff,Cipher Belle,29999,1,2024-04-05T12:31:02.000Z,https://universalis.app/market/2111
2116,Sanguine Horn Staff,Darkskies Zero,2189,1,2024-04-20T17:09:26.000Z,https://universalis.app/market/2116
2118,Toothed Staghorn Staff,Bry B'good,10000,1,2024-04-03T01:51:39.000Z,https://universalis.app/market/2118
2123,Toothed Goathorn Staff,Khan Delger,15056,1,2024-04-03T21:31:26.000Z,https://universalis.app/market/2123
2125,Horn Staff,Kali Virac,54444,1,2024-04-15T08:40:25.000Z,https://universalis.app/market/2125
2130,Black Horn Staff,Itsune Tsurugi,4499,1,2024-04-27T23:04:59.000Z,https://universalis.app/market/2130
2133,Ivory Staff,Layla Valtin,40000,1,2024-04-14T07:14:35.000Z,https://universalis.app/market/2133
2136,Giantsgall Longstaff,Maximilien Lamar,3448,1,2024-04-13T14:54:59.000Z,https://universalis.app/market/2136
7584,Mossy Stone Staff,Raf Al,101,1,2024-04-27T17:32:59.000Z,https://universalis.app/market/7584
2139,Astrolabe,Luquin Mogglesguard,3199,1,2024-04-16T23:08:16.000Z,https://universalis.app/market/2139
5576,Astrolabe Clinometer,Didrianna Winterset,2000,2,2024-04-13T00:15:38.000Z,https://universalis.app/market/5576
2143,Leather Grimoire,Van Haigood,10000,1,2024-04-26T18:35:37.000Z,https://universalis.app/market/2143
5380,Maple Log,Chives Mortimus,999,7,2024-04-16T23:55:32.000Z,https://universalis.app/market/5380
5475,Enchanted Copper Ink,Akari Vivi,2000,2,2024-04-08T02:03:15.000Z,https://universalis.app/market/5475
2144,Maple Picatrix,Bragly Hoshino,5000,1,2024-04-20T03:50:01.000Z,https://universalis.app/market/2144
2145,Engraved Leather Grimoire,Bad Guy,7000,1,2024-04-08T03:00:27.000Z,https://universalis.app/market/2145
5383,Ash Log,Sunshine Day,1500,1,2024-04-12T17:09:59.000Z,https://universalis.app/market/5383
2146,Ash Picatrix,Zero Silvermile,200000,1,2024-04-14T03:21:36.000Z,https://universalis.app/market/2146
2147,Hard Leather Grimoire,Iso Stylz,25000,1,2024-04-08T20:16:46.000Z,https://universalis.app/market/2147
5385,Elm Log,Sarinthia Em,1100,19,2024-04-14T11:40:08.000Z,https://universalis.app/market/5385
5476,Enchanted Iron Ink,Sycella Morning,992,2,2024-04-28T22:00:59.000Z,https://universalis.app/market/5476
2149,Engraved Hard Leather Grimoire,Gwyndolin Darkmoonn,20000,1,2024-04-04T03:44:28.000Z,https://universalis.app/market/2149
5386,Yew Log,Archangel Azryil,500,51,2024-04-17T19:53:02.000Z,https://universalis.app/market/5386
2151,Yew Picatrix,Carman Caelum,10000,1,2024-04-06T00:05:48.000Z,https://universalis.app/market/2151
2156,Goatskin Grimoire,Aspen Winterfield,51035,1,2024-04-21T19:13:10.000Z,https://universalis.app/market/2156
5477,Enchanted Silver Ink,Fumiko Uchiumi,3400,1,2024-04-23T00:03:56.000Z,https://universalis.app/market/5477
2160,Engraved Goatskin Grimoire,Laxus Dreya,5000,1,2024-04-27T02:30:01.000Z,https://universalis.app/market/2160
5388,Walnut Log,Felipe Moises,501,2,2024-04-10T19:45:30.000Z,https://universalis.app/market/5388
2166,Book of Silver,Kohaku Kurohana,10062,1,2024-04-03T08:32:32.000Z,https://universalis.app/market/2166
5390,Oak Log,Kp Softwind,489,99,2024-04-03T11:28:23.000Z,https://universalis.app/market/5390
2169,Embossed Book of Silver,Zano Mcgee,20000,1,2024-04-13T03:49:26.000Z,https://universalis.app/market/2169
2174,Book of Mythril,Elva Paradyne,25000,1,2024-04-13T02:38:45.000Z,https://universalis.app/market/2174
5346,Flax,Sophia Z'ee,499,99,2024-04-23T16:25:54.000Z,https://universalis.app/market/5346
5478,Enchanted Mythril Ink,Valgrim Nightbane,450,4,2024-04-04T00:02:32.000Z,https://universalis.app/market/5478
2184,Vintage Picatrix,Cassmerized Ai,50000,1,2024-04-06T00:10:00.000Z,https://universalis.app/market/2184
2158,Brittle Picatrix,Euphegenia Doubtfire,15000,1,2024-04-10T02:32:50.000Z,https://universalis.app/market/2158
2185,Book of Electrum,Valhalla Xernas,11500,1,2024-04-19T02:20:44.000Z,https://universalis.app/market/2185
5337,Woolen Yarn,Luna Elara,4599,1,2024-04-23T21:33:41.000Z,https://universalis.app/market/5337
5393,Rosewood Log,Haunted Yukime,999,4,2024-04-10T14:47:57.000Z,https://universalis.app/market/5393
5479,Enchanted Electrum Ink,Sycella Morning,100,99,2024-04-28T22:01:31.000Z,https://universalis.app/market/5479
2189,Embossed Book of Electrum,Sett Tayuun,55000,1,2024-04-04T15:46:37.000Z,https://universalis.app/market/2189
2193,Cantamina Thavnaria,Cinder Bun,4899,1,2024-04-03T06:35:07.000Z,https://universalis.app/market/2193
5481,Enchanted Rose Gold Ink,Nakano Akamori,1878,4,2024-04-09T21:52:57.000Z,https://universalis.app/market/5481
2194,Medica Thavnaria,Eji Mika,2999,1,2024-04-28T17:15:42.000Z,https://universalis.app/market/2194
2201,Erudite's Picatrix of Healing,Rue'lia Brecelle,74899,1,2024-04-12T17:20:14.000Z,https://universalis.app/market/2201
5480,Enchanted Gold Ink,Shuleyn Elilnebbwyn,20000,1,2024-04-29T08:44:49.000Z,https://universalis.app/market/5480
5569,Bloody Grimoire Binding,Miya Selene,9000,1,2024-04-08T16:28:27.000Z,https://universalis.app/market/5569
2202,Erudite's Picatrix of Casting,Fali'saf Jirakin,85999,1,2024-04-11T00:04:54.000Z,https://universalis.app/market/2202
2211,Deus Ex Verbis,Th'reftis Hyalenos,1965,1,2024-04-10T09:05:19.000Z,https://universalis.app/market/2211
5338,Silk Thread,Eve Rorru,6000,1,2024-04-20T00:42:10.000Z,https://universalis.app/market/5338
2212,Deus Ex Gratia,Stanik Zelasch,7463,1,2024-04-04T11:37:34.000Z,https://universalis.app/market/2212
2219,Square Maple Shield,Spook Kirijo,5000,1,2024-04-24T21:16:32.000Z,https://universalis.app/market/2219
5091,Bronze Rivets,Jin Toji,2999,99,2024-04-25T03:00:21.000Z,https://universalis.app/market/5091
12524,Titanium Nugget,Sager Step-on-me,8000,1,2024-04-29T22:59:14.000Z,https://universalis.app/market/12524
12529,Titanium Rivets,David Cal,5500,2,2024-04-23T00:21:06.000Z,https://universalis.app/market/12529
12658,Dusk Leather,Kimburs Lynhart,400000,1,2024-04-19T20:39:07.000Z,https://universalis.app/market/12658
2226,Bronze Hoplon,Kaido Vandersnatch,11500,1,2024-04-25T21:48:22.000Z,https://universalis.app/market/2226
5071,Bronze Plate,Marillie Mashima,386,33,2024-04-28T17:32:50.000Z,https://universalis.app/market/5071
2228,Round Shield,Azazel Blaze,9666,1,2024-04-04T13:11:28.000Z,https://universalis.app/market/2228
2229,Leather Targe,Roro Reine,1000,1,2024-04-05T15:23:21.000Z,https://universalis.app/market/2229
2230,Bronze Scutum,Yukkiko Amagi,1300,1,2024-04-10T14:41:44.000Z,https://universalis.app/market/2230
2231,Bronze Buckler,Cohan Holigard,10000,1,2024-04-05T02:59:13.000Z,https://universalis.app/market/2231
2233,Square Ash Shield,Anwen Shaw,1500000,1,2024-04-14T10:38:27.000Z,https://universalis.app/market/2233
2236,Iron Hoplon,Daki Iris,10000,1,2024-04-24T22:39:48.000Z,https://universalis.app/market/2236
2238,Vintage Square Shield,Dino Punch-kick,30000,1,2024-04-05T19:40:45.000Z,https://universalis.app/market/2238
2224,Worm-eaten Square Shield,Siphex Backos,1500,1,2024-04-06T00:11:07.000Z,https://universalis.app/market/2224
4859,Cider Vinegar,Acorn Breaker,500,2,2024-04-28T16:41:31.000Z,https://universalis.app/market/4859
2239,Ironclad Bronze Buckler,Midna Tenebrae,7000,1,2024-04-21T11:37:07.000Z,https://universalis.app/market/2239
2241,Iron Lantern Shield,Sire Mingala,5000,1,2024-04-21T21:15:56.000Z,https://universalis.app/market/2241
5998,Tallow Candle,Mix Wovenheart,1100,1,2024-04-07T22:14:30.000Z,https://universalis.app/market/5998
2242,Iron Scutum,Nova Infina,5000,1,2024-04-04T21:06:22.000Z,https://universalis.app/market/2242
2244,Vintage Hoplon,Shady Deed,5000,1,2024-04-27T07:16:35.000Z,https://universalis.app/market/2244
2225,Tarnished Hoplon,Dracko Zon,11000,1,2024-04-12T04:56:12.000Z,https://universalis.app/market/2225
2246,Viper-crested Round Shield,Akane Kiyomi,2700,1,2024-04-05T01:10:48.000Z,https://universalis.app/market/2246
2248,Iron Kite Shield,Vanitas Xiii,10000,1,2024-04-08T00:30:33.000Z,https://universalis.app/market/2248
2250,Goatskin Targe,Aeyma Yelho,12000,1,2024-04-15T21:08:02.000Z,https://universalis.app/market/2250
5093,Steel Rivets,Lucian Lycangard,2999,99,2024-04-09T18:18:35.000Z,https://universalis.app/market/5093
2257,Bull Hoplon,Rat Rat,10620,1,2024-04-18T06:43:55.000Z,https://universalis.app/market/2257
2260,Decorated Buckler,Gwyn Collier,15000,1,2024-04-22T21:15:33.000Z,https://universalis.app/market/2260
2262,Decorated Iron Scutum,Alt Two,29999,1,2024-04-03T18:03:53.000Z,https://universalis.app/market/2262
2264,Vintage Buckler,Ryuuki Arashi,16000,1,2024-04-16T01:27:14.000Z,https://universalis.app/market/2264
2227,Notched Buckler,Yua Bani,5000,1,2024-04-17T09:53:26.000Z,https://universalis.app/market/2227
2268,Bladed Lantern Shield,Sun Wu'kong,19669,1,2024-04-05T04:56:03.000Z,https://universalis.app/market/2268
2270,Raptorskin Targe,Oliver Arrow,50000,1,2024-04-09T16:12:53.000Z,https://universalis.app/market/2270
5099,Mythril Rivets,Pauline Levista,3003,1,2024-04-07T04:21:12.000Z,https://universalis.app/market/5099
2278,Vintage Scutum,Gideon Lu'trimos,20000,1,2024-04-10T11:57:25.000Z,https://universalis.app/market/2278
2232,Rusting Scutum,Saya Neko-chan,5000,1,2024-04-17T04:28:19.000Z,https://universalis.app/market/2232
2279,Cobalt Scutum,Lost Mans,21500,1,2024-04-06T20:11:10.000Z,https://universalis.app/market/2279
5094,Cobalt Rivets,Annamori Murasaki,3000,1,2024-04-09T22:15:49.000Z,https://universalis.app/market/5094
2287,Eagle-crested Round Shield,Mae Rhea,14999,1,2024-04-18T05:38:20.000Z,https://universalis.app/market/2287
2237,Rotting Round Shield,Niamh Eiry,2376,1,2024-04-12T20:31:36.000Z,https://universalis.app/market/2237
5228,Ragstone,Wonker Doodle,200,3,2024-04-28T00:04:52.000Z,https://universalis.app/market/5228
5517,Lanolin,Zara Qal,520,2,2024-04-26T01:13:32.000Z,https://universalis.app/market/5517
2294,Kite Shield,Riso Rhiki,22990,1,2024-04-22T21:35:44.000Z,https://universalis.app/market/2294
2296,Cobalt Bladed Lantern Shield,Aeyma Yelho,50000,1,2024-04-25T00:20:22.000Z,https://universalis.app/market/2296
2298,Oxblood Targe,Raven Frost,20000,1,2024-04-03T20:13:11.000Z,https://universalis.app/market/2298
2300,Vintage Kite Shield,Calum Bricklayer,50000,1,2024-04-08T01:08:41.000Z,https://universalis.app/market/2300
2259,Scarred Kite Shield,Rhea Taligrus,8500,1,2024-04-18T16:12:15.000Z,https://universalis.app/market/2259
2302,Darksteel Scutum,Re'van Graysin,4055,1,2024-04-04T10:35:02.000Z,https://universalis.app/market/2302
5060,Darksteel Ingot,Aspen Winterfield,10003,1,2024-04-23T21:48:01.000Z,https://universalis.app/market/5060
5095,Darksteel Rivets,Ansvarr Anteros,5000,99,2024-04-26T03:18:43.000Z,https://universalis.app/market/5095
2303,Darksteel Buckler,Banana Pepper,3999,1,2024-04-24T22:15:14.000Z,https://universalis.app/market/2303
2304,Spruce Round Shield,Wisteria Lila,2498,1,2024-04-27T05:31:07.000Z,https://universalis.app/market/2304
5379,Treated Spruce Lumber,Kali Virac,100000,1,2024-04-21T13:50:42.000Z,https://universalis.app/market/5379
2315,Bronze Saw,Odysseus Durai,4390,1,2024-04-29T03:36:48.000Z,https://universalis.app/market/2315
2316,Amateur's Saw,Rorobin Fishy,1998,1,2024-04-16T06:58:50.000Z,https://universalis.app/market/2316
2317,Chocobotail Saw,Thalia Castellan,125,1,2024-04-16T20:53:23.000Z,https://universalis.app/market/2317
2318,Initiate's Saw,Esther Keshet,10000,1,2024-04-18T05:51:59.000Z,https://universalis.app/market/2318
2319,Bas-relief Iron Saw,Carman Caelum,25000,1,2024-04-05T23:45:02.000Z,https://universalis.app/market/2319
2320,Iron Chocobotail Saw,Karyn Ava,25541,1,2024-04-24T01:18:07.000Z,https://universalis.app/market/2320
2321,Bas-relief Steel Saw,Captain Corgi,15000,1,2024-04-08T04:30:10.000Z,https://universalis.app/market/2321
2322,Crosscut Saw,Druza Einaris,4500,1,2024-04-17T11:47:21.000Z,https://universalis.app/market/2322
2323,Mythril Saw,Nuala Maani,59999,1,2024-04-08T15:19:13.000Z,https://universalis.app/market/2323
2324,Mythril Chocobotail Saw,Ceelie Fhey,3196,1,2024-04-08T00:00:48.000Z,https://universalis.app/market/2324
2325,Bas-relief Cobalt Saw,Lost Mans,20000,1,2024-04-24T23:33:52.000Z,https://universalis.app/market/2325
2328,Amateur's Claw Hammer,Aeyma Yelho,5200,1,2024-04-03T23:10:28.000Z,https://universalis.app/market/2328
2329,Bronze Claw Hammer,Terminus Ater,700,1,2024-04-07T15:02:09.000Z,https://universalis.app/market/2329
2331,Iron Claw Hammer,Paz Berri,20000,1,2024-04-08T04:26:53.000Z,https://universalis.app/market/2331
5483,Jellyfish Humours,Orion Wil'o,1000,4,2024-04-08T18:59:55.000Z,https://universalis.app/market/5483
2332,Initiate's Claw Hammer,Lil'herp Derpybaby,500,1,2024-04-05T16:13:31.000Z,https://universalis.app/market/2332
2334,Steel Claw Hammer,Yui Soni,49900,1,2024-04-07T11:20:52.000Z,https://universalis.app/market/2334
2335,Wrapped Steel Claw Hammer,Shadow Rose,31000,1,2024-04-03T19:25:21.000Z,https://universalis.app/market/2335
5485,Linseed Oil,Zaith Desturas,5000,10,2024-04-07T00:17:39.000Z,https://universalis.app/market/5485
2337,Mythril Claw Hammer,Kaptain Sieghart,25000,1,2024-04-04T12:49:34.000Z,https://universalis.app/market/2337
2338,Cobalt Claw Hammer,Stein Phite,8000,1,2024-04-04T15:54:10.000Z,https://universalis.app/market/2338
2339,Militia Claw Hammer,Aenyxtheis Elyseios,11111,1,2024-04-09T14:18:33.000Z,https://universalis.app/market/2339
2341,Bronze Cross-pein Hammer,Desmos Kings,19999,1,2024-04-12T16:25:21.000Z,https://universalis.app/market/2341
2342,Amateur's Cross-pein Hammer,Karasyn Malice,1500,1,2024-04-09T02:59:15.000Z,https://universalis.app/market/2342
2343,Birdsbeak Hammer,Ced Fitoria,4300,1,2024-04-16T20:46:41.000Z,https://universalis.app/market/2343
5325,Undyed Cotton Cloth,Aura Shinbu,1000,2,2024-04-06T23:34:48.000Z,https://universalis.app/market/5325
2344,Iron Cross-pein Hammer,Indigo Violet,25000,1,2024-04-15T19:37:24.000Z,https://universalis.app/market/2344
2345,Initiate's Cross-pein Hammer,Raeha Fucheng,5000,1,2024-04-21T00:40:40.000Z,https://universalis.app/market/2345
2346,Crowsbeak Hammer,Eve Rorru,6000,1,2024-04-03T05:59:10.000Z,https://universalis.app/market/2346
2347,Heavy Crowsbeak Hammer,Sehrin Makoto,145,1,2024-04-16T11:31:13.000Z,https://universalis.app/market/2347
2348,Steel Cross-pein Hammer,Yunezia Ayula,9985,1,2024-04-17T06:43:48.000Z,https://universalis.app/market/2348
5326,Undyed Velveteen,Sir Pizz,15000,1,2024-04-19T19:48:17.000Z,https://universalis.app/market/5326
2349,Steel Crowsbeak Hammer,Zain Akemi,32000,1,2024-04-28T00:22:02.000Z,https://universalis.app/market/2349
2350,Wrapped Crowsbeak Hammer,Nymeia Night,55555,1,2024-04-13T18:12:39.000Z,https://universalis.app/market/2350
2351,Cobalt Cross-pein Hammer,Death Metal,5000,1,2024-04-28T21:22:24.000Z,https://universalis.app/market/2351
2352,Wrapped Hawksbeak Hammer,Zendus Pendragon,39999,1,2024-04-14T16:15:50.000Z,https://universalis.app/market/2352
2355,Amateur's File,Nuala Maani,1200,1,2024-04-09T15:20:57.000Z,https://universalis.app/market/2355
2356,Bronze File,Lexi Yu,509,1,2024-04-15T05:20:17.000Z,https://universalis.app/market/2356
2358,Iron File,Verinai Martichoras,12000,1,2024-04-15T18:15:23.000Z,https://universalis.app/market/2358
2359,Initiate's File,Dazaii Osamu,3777,1,2024-04-26T12:38:21.000Z,https://universalis.app/market/2359
2361,Steel File,Bingo Mccoy,40000,1,2024-04-15T19:21:55.000Z,https://universalis.app/market/2361
2363,Mythril File,Kaida Nithe,20000,1,2024-04-19T07:01:48.000Z,https://universalis.app/market/2363
2364,Cobalt File,Sun Wu'kong,19999,1,2024-04-11T04:58:24.000Z,https://universalis.app/market/2364
2365,Militia File,Rita Stonehand,17000,1,2024-04-04T03:16:07.000Z,https://universalis.app/market/2365
2367,Bronze Doming Hammer,Zero Silvermile,500000,1,2024-04-14T08:07:05.000Z,https://universalis.app/market/2367
2368,Amateur's Doming Hammer,Tearea Forelia,2500,1,2024-04-04T20:30:23.000Z,https://universalis.app/market/2368
2369,Bronze Raising Hammer,Jean-paul Frogtre,700,1,2024-04-15T18:44:48.000Z,https://universalis.app/market/2369
2370,Iron Doming Hammer,Arumat Dotharl,4900,1,2024-04-19T20:38:30.000Z,https://universalis.app/market/2370
2371,Initiate's Doming Hammer,Takeda Shinji,7999,1,2024-04-06T03:35:11.000Z,https://universalis.app/market/2371
2373,Wrapped Iron Raising Hammer,Luna Lowella,3000,1,2024-04-23T23:35:48.000Z,https://universalis.app/market/2373
2374,Steel Doming Hammer,Morgan Redfang,2999,1,2024-04-25T00:34:02.000Z,https://universalis.app/market/2374
2375,Steel Raising Hammer,Azura Highwind,30000,1,2024-04-17T17:05:46.000Z,https://universalis.app/market/2375
2376,Cobalt Doming Hammer,Brobama Pepewai,3083,1,2024-04-27T05:21:53.000Z,https://universalis.app/market/2376
2377,Cobalt Raising Hammer,Nerguui Sun,50000,1,2024-04-05T19:09:29.000Z,https://universalis.app/market/2377
2380,Amateur's Pliers,Arumat Dotharl,9000,1,2024-04-17T20:22:09.000Z,https://universalis.app/market/2380
2381,Bronze Pliers,Lu Cent,4000,1,2024-04-03T21:42:38.000Z,https://universalis.app/market/2381
2383,Iron Pliers,Sarah Brookss,10021,1,2024-04-18T19:33:31.000Z,https://universalis.app/market/2383
2384,Initiate's Pliers,Bunana Bread,2500,1,2024-04-04T20:55:31.000Z,https://universalis.app/market/2384
2386,Steel Pliers,Suboptimal Gamer,25000,1,2024-04-08T21:56:24.000Z,https://universalis.app/market/2386
2388,Mythril Pliers,Sager Step-on-me,40000,1,2024-04-18T20:46:36.000Z,https://universalis.app/market/2388
2389,Cobalt Pliers,Khalit Ugunda,24996,1,2024-04-11T01:45:40.000Z,https://universalis.app/market/2389
2390,Militia Pliers,Ophelia Free,15000,1,2024-04-07T16:38:05.000Z,https://universalis.app/market/2390
2392,Bronze Chaser Hammer,Tsugumi Abumin,250,1,2024-04-03T22:32:08.000Z,https://universalis.app/market/2392
2393,Amateur's Chaser Hammer,Nuala Maani,8500,1,2024-04-07T14:54:25.000Z,https://universalis.app/market/2393
2394,Bronze Ornamental Hammer,Kanibal Klown,550,1,2024-04-08T02:03:32.000Z,https://universalis.app/market/2394
2395,Iron Chaser Hammer,Van Haigood,3000,1,2024-04-20T04:44:01.000Z,https://universalis.app/market/2395
2396,Initiate's Chaser Hammer,Arelya Sacquet,3000,1,2024-04-23T20:51:41.000Z,https://universalis.app/market/2396
2397,Iron Ornamental Hammer,Kozmos Chaosborn,3000,1,2024-04-08T19:29:47.000Z,https://universalis.app/market/2397
2398,Steel Chaser Hammer,Bry B'good,3333,1,2024-04-04T20:05:40.000Z,https://universalis.app/market/2398
2399,Steel Ornamental Hammer,Farquarius Dingledong,5000,1,2024-04-20T17:49:25.000Z,https://universalis.app/market/2399
2400,Mythril Ornamental Hammer,Alcander Faris,59999,1,2024-04-13T00:12:48.000Z,https://universalis.app/market/2400
2401,Mythril Lapidary Hammer,Nova Infina,7090,1,2024-04-05T16:43:00.000Z,https://universalis.app/market/2401
2402,Electrum Lapidary Hammer,Alastor Kaplan,40000,1,2024-04-16T23:59:04.000Z,https://universalis.app/market/2402
5183,Tourmaline,David Cal,350,38,2024-04-16T14:10:20.000Z,https://universalis.app/market/5183
2405,Amateur's Grinding Wheel,Nova Infina,4,1,2024-04-04T17:09:27.000Z,https://universalis.app/market/2405
2406,Ragstone Grinding Wheel,Van Haigood,9500,1,2024-04-15T23:25:38.000Z,https://universalis.app/market/2406
2408,Mudstone Grinding Wheel,Esther Keshet,5000,1,2024-04-27T07:05:43.000Z,https://universalis.app/market/2408
5229,Mudstone,Ruby Shoes,10000000,1,2024-04-14T12:49:40.000Z,https://universalis.app/market/5229
2409,Initiate's Grinding Wheel,Rajin Belmont,10000,1,2024-04-20T18:15:27.000Z,https://universalis.app/market/2409
2411,Siltstone Grinding Wheel,Azel Azazel,7990,1,2024-04-15T05:28:03.000Z,https://universalis.app/market/2411
5231,Siltstone,Nnyx Anneth,450,7,2024-04-16T22:00:13.000Z,https://universalis.app/market/5231
2413,Garnet Grinding Wheel,Xyvyra Liadon,20000,1,2024-04-03T23:04:38.000Z,https://universalis.app/market/2413
5134,Raw Garnet,Forgetful Shadow,411,9,2024-04-06T00:31:40.000Z,https://universalis.app/market/5134
2414,Basilisk Grinding Wheel,Lost Mans,25000,1,2024-04-07T20:44:31.000Z,https://universalis.app/market/2414
5263,Basilisk Egg,Scarlett O'rose,1000,95,2024-04-24T09:03:08.000Z,https://universalis.app/market/5263
2415,Militia Grinding Wheel,Stellarvore Thornborn,24998,1,2024-04-05T04:31:14.000Z,https://universalis.app/market/2415
5158,Astral Rock,I'm Trig,490,45,2024-04-20T23:17:42.000Z,https://universalis.app/market/5158
2417,Bronze Head Knife,Desmos Kings,15106,1,2024-04-25T15:01:35.000Z,https://universalis.app/market/2417
2418,Amateur's Head Knife,Midna Tenebrae,2009,1,2024-04-20T02:47:43.000Z,https://universalis.app/market/2418
2419,Brass Head Knife,Lilly Ariti,9000,1,2024-04-15T20:52:37.000Z,https://universalis.app/market/2419
2420,Initiate's Head Knife,Shiki Mono,1999,1,2024-04-16T04:55:43.000Z,https://universalis.app/market/2420
2421,Iron Round Knife,Solari Darxzcrow,1000,1,2024-04-12T00:35:06.000Z,https://universalis.app/market/2421
2422,Iron Head Knife,Asch Fabre,5041,1,2024-04-14T23:31:43.000Z,https://universalis.app/market/2422
2423,Silver Head Knife,Hatakora Kit,8000,1,2024-04-21T03:45:23.000Z,https://universalis.app/market/2423
2424,Steel Round Knife,Delilah Doree,1450,1,2024-04-13T00:40:35.000Z,https://universalis.app/market/2424
2425,Mythril Head Knife,Jisoo Minatozaki,25000,1,2024-04-24T05:58:53.000Z,https://universalis.app/market/2425
2426,Mythril Round Knife,Nova Infina,20000,1,2024-04-05T21:20:18.000Z,https://universalis.app/market/2426
2427,Electrum Head Knife,Bosco Sticc,45000,1,2024-04-04T03:33:01.000Z,https://universalis.app/market/2427
2430,Amateur's Awl,Khalit Ugunda,1000,1,2024-04-11T00:15:21.000Z,https://universalis.app/market/2430
2431,Bronze Awl,Midna Tenebrae,2500,1,2024-04-20T02:47:48.000Z,https://universalis.app/market/2431
2433,Iron Awl,Raeha Fucheng,20018,1,2024-04-21T01:00:34.000Z,https://universalis.app/market/2433
2434,Initiate's Awl,Raijin Kata,10000,1,2024-04-16T23:53:18.000Z,https://universalis.app/market/2434
2436,Steel Awl,Silent Fang,30000,1,2024-04-13T17:44:40.000Z,https://universalis.app/market/2436
2437,Wrapped Steel Awl,Arioz Noirlune,10000,1,2024-04-10T03:47:25.000Z,https://universalis.app/market/2437
2439,Mythril Awl,Etan Yutan,20000,1,2024-04-18T13:54:41.000Z,https://universalis.app/market/2439
2440,Cobalt Awl,Nephry Mu,35000,1,2024-04-18T14:53:01.000Z,https://universalis.app/market/2440
2443,Copper Needle,Karasyn Malice,75,1,2024-04-05T00:44:53.000Z,https://universalis.app/market/2443
2444,Bat Fang Needle,Aeyma Yelho,20000,1,2024-04-09T00:56:57.000Z,https://universalis.app/market/2444
2445,Amateur's Needle,Sindel Savage,295,1,2024-04-07T23:03:00.000Z,https://universalis.app/market/2445
2446,Brass Needle,Carman Caelum,14000,1,2024-04-04T23:53:19.000Z,https://universalis.app/market/2446
2447,Initiate's Needle,Mogi Drogma,2500,1,2024-04-23T12:19:10.000Z,https://universalis.app/market/2447
2448,Silver Needle,Sirrion Dragonfang,1000,1,2024-04-18T01:30:03.000Z,https://universalis.app/market/2448
2449,Worm Fang Needle,Ashlay Lightforged,20000,1,2024-04-06T20:32:54.000Z,https://universalis.app/market/2449
5447,Sandworm Fang,Sa'ab Draken,400000,1,2024-04-06T09:03:33.000Z,https://universalis.app/market/5447
2450,Mythril Needle,Nevets Senpai,5000,1,2024-04-12T21:40:28.000Z,https://universalis.app/market/2450
2451,Wolf Fang Needle,Nuala Maani,14999,1,2024-04-06T03:45:42.000Z,https://universalis.app/market/2451
2452,Thousand Needle,Tsugumi Abumin,19980,1,2024-04-23T20:19:42.000Z,https://universalis.app/market/2452
5468,Cactuar Needle,Nerguui Sun,389,1,2024-04-03T19:02:07.000Z,https://universalis.app/market/5468
2453,Electrum Needle,Reugen Majano,15000,1,2024-04-07T20:07:32.000Z,https://universalis.app/market/2453
2456,Amateur's Spinning Wheel,Van Haigood,1000,1,2024-04-10T03:47:39.000Z,https://universalis.app/market/2456
2457,Ash Spinning Wheel,Andromeda Valerius,1250,1,2024-04-19T13:43:29.000Z,https://universalis.app/market/2457
2459,Initiate's Spinning Wheel,Alphonse Yulis,8000,1,2024-04-23T04:04:28.000Z,https://universalis.app/market/2459
2460,Elm Spinning Wheel,Koruria Urabon,11000,1,2024-04-20T15:44:55.000Z,https://universalis.app/market/2460
2462,Walnut Spinning Wheel,Bel Phine,50000,1,2024-04-06T16:19:27.000Z,https://universalis.app/market/2462
2464,Mahogany Spinning Wheel,Brobama Pepewai,50073,1,2024-04-27T05:22:58.000Z,https://universalis.app/market/2464
2465,Rosewood Spinning Wheel,Meringue Vanille,27900,1,2024-04-07T22:43:40.000Z,https://universalis.app/market/2465
2466,Militia Spinning Wheel,Luna Lowella,30000,1,2024-04-14T20:19:33.000Z,https://universalis.app/market/2466
2468,Bronze Alembic,Fluffypanda Ari'bear,50000,1,2024-04-05T07:00:27.000Z,https://universalis.app/market/2468
2469,Amateur's Alembic,Porom Mysidia,9250,1,2024-04-05T19:03:57.000Z,https://universalis.app/market/2469
2470,Brass Alembic,Wynonna Blackheart,15000,1,2024-04-04T14:29:14.000Z,https://universalis.app/market/2470
2471,Initiate's Alembic,Serenity Vandirk,8000,1,2024-04-07T21:22:00.000Z,https://universalis.app/market/2471
2472,Iron Alembic,Vermillion Star,5000,1,2024-04-05T09:36:53.000Z,https://universalis.app/market/2472
2473,Conical Alembic,Akari Vivi,10000,1,2024-04-11T13:18:07.000Z,https://universalis.app/market/2473
2474,Steel Alembic,Heals Onwheels,35000,1,2024-04-10T17:59:47.000Z,https://universalis.app/market/2474
2475,Silver Alembic,Etan Yutan,20000,1,2024-04-20T23:33:50.000Z,https://universalis.app/market/2475
2476,Mythril Alembic,Yin Tsuki,25000,1,2024-04-10T00:32:09.000Z,https://universalis.app/market/2476
2477,Electrum Alembic,Yvahni Koda,38000,1,2024-04-16T07:13:41.000Z,https://universalis.app/market/2477
2478,Thermal Alembic,Jolyne Jolie,30000,1,2024-04-12T09:56:59.000Z,https://universalis.app/market/2478
2481,Amateur's Mortar,Khalit Ugunda,1005,1,2024-04-17T01:09:56.000Z,https://universalis.app/market/2481
2482,Bronze Mortar,Ten Chi,150,1,2024-04-27T10:24:37.000Z,https://universalis.app/market/2482
2484,Iron Mortar,Luna Chai,10000,1,2024-04-17T17:00:46.000Z,https://universalis.app/market/2484
2485,Initiate's Mortar,Mae Rhea,1500,1,2024-04-15T09:05:25.000Z,https://universalis.app/market/2485
2487,Steel Mortar,Heals Onwheels,20000,1,2024-04-10T17:59:55.000Z,https://universalis.app/market/2487
2488,Heavy Steel Mortar,Licoco Lico,5000,1,2024-04-18T23:50:01.000Z,https://universalis.app/market/2488
2490,Mythril Mortar,Aeyma Yelho,9995,1,2024-04-18T21:14:00.000Z,https://universalis.app/market/2490
2491,Cobalt Mortar,Sun Wu'kong,29998,1,2024-04-22T05:17:43.000Z,https://universalis.app/market/2491
2492,Militia Mortar,Gisela Westlake,12000,1,2024-04-06T22:18:27.000Z,https://universalis.app/market/2492
2494,Bronze Skillet,Fluffypanda Ari'bear,15000,1,2024-04-07T02:47:50.000Z,https://universalis.app/market/2494
2495,Amateur's Skillet,Morgan Redfang,5450,1,2024-04-25T00:34:18.000Z,https://universalis.app/market/2495
2496,Iron Skillet,Jean-paul Frogtre,20000,1,2024-04-15T18:45:00.000Z,https://universalis.app/market/2496
2497,Initiate's Skillet,Shukufuku Lofu,10000,1,2024-04-06T15:49:04.000Z,https://universalis.app/market/2497
2498,Iron Frypan,Tiny Pickles,25000,1,2024-04-04T07:02:15.000Z,https://universalis.app/market/2498
2499,Bomb Frypan,Esther Keshet,10000,1,2024-04-22T09:21:18.000Z,https://universalis.app/market/2499
5528,Bomb Ash,Srinshee Wynd,6000,2,2024-04-28T22:23:59.000Z,https://universalis.app/market/5528
2500,Steel Skillet,Mathias Mithrand,450,1,2024-04-28T18:07:18.000Z,https://universalis.app/market/2500
2501,White Skillet,Tiny Pickles,5062,1,2024-04-07T06:56:38.000Z,https://universalis.app/market/2501
2502,Steel Frypan,Jeranis Liran,47770,1,2024-04-03T04:34:02.000Z,https://universalis.app/market/2502
2503,Cobalt Skillet,Matsu Merry,10000,1,2024-04-25T13:38:26.000Z,https://universalis.app/market/2503
2504,Hells' Kitchen,Stuff Co,50000,1,2024-04-17T02:58:17.000Z,https://universalis.app/market/2504
2507,Amateur's Culinary Knife,Alexandra Flix,2000,1,2024-04-15T13:56:07.000Z,https://universalis.app/market/2507
2508,Bronze Culinary Knife,Khita Neqhota,5000,1,2024-04-11T01:52:23.000Z,https://universalis.app/market/2508
2510,Iron Culinary Knife,Qrowyn Jademist,10000,1,2024-04-08T05:37:49.000Z,https://universalis.app/market/2510
2511,Initiate's Culinary Knife,Sirrion Dragonfang,10000,1,2024-04-15T22:56:47.000Z,https://universalis.app/market/2511
2513,Steel Culinary Knife,Tsugumi Abumin,15000,1,2024-04-15T20:58:18.000Z,https://universalis.app/market/2513
2516,Mythril Culinary Knife,Saphyr Snow,74988,1,2024-04-17T22:57:28.000Z,https://universalis.app/market/2516
2517,Cobalt Culinary Knife,Flavia Reglay,25000,1,2024-04-17T14:14:06.000Z,https://universalis.app/market/2517
2518,Militia Culinary Knife,Tummi Yuri,15000,1,2024-04-10T14:21:25.000Z,https://universalis.app/market/2518
2520,Bronze Pickaxe,Reaver Rose,9999,1,2024-04-24T01:35:35.000Z,https://universalis.app/market/2520
2521,Amateur's Pickaxe,Mandy Lalix,10000,1,2024-04-05T19:55:13.000Z,https://universalis.app/market/2521
2522,Plumed Bronze Pickaxe,Miura Naeuri,10000,1,2024-04-17T05:00:57.000Z,https://universalis.app/market/2522
2523,Iron Pickaxe,Midna Tenebrae,19777,1,2024-04-21T10:08:57.000Z,https://universalis.app/market/2523
2524,Initiate's Pickaxe,Alter Echo,10000,1,2024-04-10T23:06:49.000Z,https://universalis.app/market/2524
2525,Iron Dolabra,Kagome Leonheart,17500,1,2024-04-13T17:49:05.000Z,https://universalis.app/market/2525
2526,Steel Pickaxe,Ashlyn Sybella,10000,1,2024-04-25T13:26:06.000Z,https://universalis.app/market/2526
2527,Steel Dolabra,Sophia Z'ee,25500,1,2024-04-23T16:46:15.000Z,https://universalis.app/market/2527
2528,Plumed Mythril Pickaxe,Forgetful Shadow,64000,1,2024-04-04T01:13:31.000Z,https://universalis.app/market/2528
5327,Undyed Linen,Alastor Kaplan,4000,10,2024-04-17T00:54:50.000Z,https://universalis.app/market/5327
2529,Cobalt Dolabra,Abelia Hawthorne,8000,1,2024-04-07T04:58:13.000Z,https://universalis.app/market/2529
2530,Egret Dolabra,Chiull Malqir,59999,1,2024-04-05T09:05:32.000Z,https://universalis.app/market/2530
2534,Bronze Sledgehammer,Mandy Lalix,15000,1,2024-04-06T21:25:04.000Z,https://universalis.app/market/2534
2536,Initiate's Sledgehammer,Gazyn Mazyn,22000,1,2024-04-04T21:49:17.000Z,https://universalis.app/market/2536
2537,Iron Sledgehammer,Azura Highwind,10000,1,2024-04-16T17:36:38.000Z,https://universalis.app/market/2537
2539,Steel Sledgehammer,Cinder Rayne,47995,1,2024-04-03T18:31:07.000Z,https://universalis.app/market/2539
2540,Wrapped Steel Sledgehammer,Sager Step-on-me,15000,1,2024-04-11T23:02:27.000Z,https://universalis.app/market/2540
2542,Mythril Sledgehammer,Ra Zetzy,69999,1,2024-04-11T05:32:39.000Z,https://universalis.app/market/2542
2543,Cobalt Sledgehammer,Yunezia Ayula,21000,1,2024-04-17T19:00:01.000Z,https://universalis.app/market/2543
2546,Bronze Hatchet,Sekki Sama,2056,1,2024-04-23T12:17:01.000Z,https://universalis.app/market/2546
2547,Amateur's Hatchet,Amika Mor,4997,1,2024-04-25T17:41:49.000Z,https://universalis.app/market/2547
2548,Iron Hatchet,Lucian Lycangard,10000,1,2024-04-16T20:27:57.000Z,https://universalis.app/market/2548
2549,Initiate's Hatchet,Qrowyn Jademist,10000,1,2024-04-08T05:37:30.000Z,https://universalis.app/market/2549
2550,Brass Hatchet,Token Eastwood,3996,1,2024-04-30T13:30:39.000Z,https://universalis.app/market/2550
2551,Plumed Iron Hatchet,Ishgardian Emissary,55555,1,2024-04-16T23:18:22.000Z,https://universalis.app/market/2551
5359,Chocobo Feather,Yuki Hart,15000,2,2024-04-06T21:11:38.000Z,https://universalis.app/market/5359
2552,Steel Hatchet,Bad Guy,16999,1,2024-04-03T04:26:53.000Z,https://universalis.app/market/2552
2553,Plumed Steel Hatchet,Sirrion Dragonfang,4000,1,2024-04-28T22:28:00.000Z,https://universalis.app/market/2553
2554,Mythril Hatchet,Sager Step-on-me,20000,1,2024-04-13T02:51:18.000Z,https://universalis.app/market/2554
2555,Cobalt Hatchet,Ryme Belfraido,30000,1,2024-04-15T22:47:08.000Z,https://universalis.app/market/2555
2556,Horned Hatchet,Buttery Succubiscuit,42000,1,2024-04-07T01:57:07.000Z,https://universalis.app/market/2556
2560,Bronze Scythe,Reaver Rose,10009,1,2024-04-24T01:35:49.000Z,https://universalis.app/market/2560
2562,Iron Scythe,Freya Stark,25499,1,2024-04-29T05:27:45.000Z,https://universalis.app/market/2562
2563,Initiate's Scythe,Thick Dreams,6000,1,2024-04-19T00:06:24.000Z,https://universalis.app/market/2563
2565,Steel Scythe,Rose Gwynevere,45000,1,2024-04-24T11:30:20.000Z,https://universalis.app/market/2565
2566,Wrapped Steel Scythe,Violin Musicorum,20000,1,2024-04-25T22:38:53.000Z,https://universalis.app/market/2566
2568,Mythril Scythe,Buttery Succubiscuit,39999,1,2024-04-07T01:57:20.000Z,https://universalis.app/market/2568
2569,Cobalt Scythe,Rift Golem,20000,1,2024-04-11T04:09:39.000Z,https://universalis.app/market/2569
2572,Maple Fishing Rod,Shiyo Takao,999,1,2024-04-25T09:37:34.000Z,https://universalis.app/market/2572
2573,Amateur's Fishing Rod,Kalleena Aedras,2200,1,2024-04-21T03:25:06.000Z,https://universalis.app/market/2573
2574,Elm Fishing Rod,Sirrion Dragonfang,5000,1,2024-04-14T04:53:21.000Z,https://universalis.app/market/2574
2575,Initiate's Fishing Rod,Suvd Tumet,10000,1,2024-04-13T23:41:04.000Z,https://universalis.app/market/2575
2576,Yew Fishing Rod,Akussa Zephyr,45000,1,2024-04-10T04:00:21.000Z,https://universalis.app/market/2576
2577,Staghorn Fishing Rod,Suvd Tumet,35500,1,2024-04-14T01:55:07.000Z,https://universalis.app/market/2577
2578,Walnut Fishing Rod,Extra Fries,95000,1,2024-04-09T21:55:28.000Z,https://universalis.app/market/2578
2579,Horn Fishing Rod,Torigae Ragara,5000,1,2024-04-21T22:24:51.000Z,https://universalis.app/market/2579
2580,Mahogany Fishing Rod,Kayla Lykke,7500,1,2024-04-21T14:28:06.000Z,https://universalis.app/market/2580
2581,Rosewood Fishing Rod,Moric Sero,14793,1,2024-04-05T07:22:21.000Z,https://universalis.app/market/2581
2582,Gilded Rosewood Fishing Rod,Kohaku Kurohana,50100,1,2024-04-06T16:52:59.000Z,https://universalis.app/market/2582
2588,Crayfish Ball,Sasa Nori,270,99,2024-04-18T14:55:59.000Z,https://universalis.app/market/2588
4825,Rye Flour,I'm Trig,1001,1,2024-04-07T19:10:32.000Z,https://universalis.app/market/4825
4925,Crayfish,Magical Dirt,250,1,2024-04-05T03:20:52.000Z,https://universalis.app/market/4925
2589,Goby Ball,Anri Hastur,120,10,2024-04-27T04:44:38.000Z,https://universalis.app/market/2589
4931,Dusk Goby,Akussa Zephyr,1000,1,2024-04-07T03:52:13.000Z,https://universalis.app/market/4931
2593,Crab Ball,Ahldfohc Sylbrymmsyn,120,10,2024-04-21T14:46:13.000Z,https://universalis.app/market/2593
4880,Helmet Crab,Kexhe Kaatapoh,4000,2,2024-04-30T05:32:17.000Z,https://universalis.app/market/4880
2595,Bass Ball,Valethorn Odessa,26,99,2024-04-29T02:52:29.000Z,https://universalis.app/market/2595
4826,Sunset Wheat Flour,Big Tunk,750,2,2024-04-04T09:20:32.000Z,https://universalis.app/market/4826
4959,Dark Bass,Sakuma Kyo,2401,4,2024-04-05T18:13:54.000Z,https://universalis.app/market/4959
2598,Herring Ball,Tinthel Raithrien,50,99,2024-04-18T21:27:13.000Z,https://universalis.app/market/2598
4895,Indigo Herring,Yuki Hart,1001,2,2024-04-10T19:24:38.000Z,https://universalis.app/market/4895
2610,Chocobo Fly,Reirei Namiaya,994,99,2024-04-22T18:01:54.000Z,https://universalis.app/market/2610
2611,Floating Minnow,Googly Moogly,233,15,2024-04-03T14:05:54.000Z,https://universalis.app/market/2611
2612,Brass Spoon Lure,Thatchor Arano,26,25,2024-04-21T17:07:26.000Z,https://universalis.app/market/2612
2614,Crow Fly,Hauru Pendragon,500,10,2024-04-05T03:19:33.000Z,https://universalis.app/market/2614
2615,Silver Spoon Lure,Dark Bunni,250,50,2024-04-09T09:10:36.000Z,https://universalis.app/market/2615
2616,Steel Jig,Ahldfohc Sylbrymmsyn,1899,49,2024-04-21T14:51:50.000Z,https://universalis.app/market/2616
2617,Sinking Minnow,Kyo Regium,3000,5,2024-04-03T05:27:00.000Z,https://universalis.app/market/2617
2618,Snurble Fly,Hells Angel,3000,5,2024-04-12T23:18:49.000Z,https://universalis.app/market/2618
5349,Snurble Tufts,Celeste Pendragon,995,3,2024-04-24T03:12:06.000Z,https://universalis.app/market/5349
2619,Heavy Steel Jig,Vito Kuroi,3000,5,2024-04-12T22:38:24.000Z,https://universalis.app/market/2619
2620,Spinner,Vahn'a Minerva,4000,5,2024-04-03T01:28:45.000Z,https://universalis.app/market/2620
4900,Whitelip Oyster,Adsila Wolf,1000,1,2024-04-16T01:11:55.000Z,https://universalis.app/market/4900
2622,Mythril Spoon Lure,Koya Qerel,1011,1,2024-04-21T03:37:44.000Z,https://universalis.app/market/2622
2623,Wildfowl Fly,Almaz Adamant,8000,31,2024-04-11T17:13:11.000Z,https://universalis.app/market/2623
2624,Topwater Frog,Stella Tenki,3500,5,2024-04-14T17:15:04.000Z,https://universalis.app/market/2624
2625,Rainbow Spoon Lure,Waifu Reclaimer,4998,2,2024-04-09T01:43:07.000Z,https://universalis.app/market/2625
5466,Blacklip Oyster,L'unar Amariyo,5000,2,2024-04-29T07:48:35.000Z,https://universalis.app/market/5466
2626,Spinnerbait,Lil-miss Bean,4000,1,2024-04-03T04:44:01.000Z,https://universalis.app/market/2626
5329,Undyed Felt,Koruria Urabon,9000,2,2024-04-23T00:38:30.000Z,https://universalis.app/market/5329
2627,Streamer,Sarasa Ward,3000,5,2024-04-09T15:48:51.000Z,https://universalis.app/market/2627
2628,Yumizuno,Dino Guerrero,5000,5,2024-04-11T01:34:18.000Z,https://universalis.app/market/2628
2629,Hempen Coif,Mahirou Endo,8001,1,2024-04-17T13:56:29.000Z,https://universalis.app/market/2629
2630,Hempen Coif of Gathering,Maximilien Lamar,5000,1,2024-04-19T12:32:02.000Z,https://universalis.app/market/2630
2631,Leather Calot,Adamantoise Stash,224007399,1,2024-04-13T01:23:47.000Z,https://universalis.app/market/2631
12590,Ramie Cloth,Papatuni Zuzutuni,5000,10,2024-04-28T01:06:47.000Z,https://universalis.app/market/12590
12595,Ramie Thread,Elias Ultima,5000,10,2024-04-03T23:19:29.000Z,https://universalis.app/market/12595
2652,Hempen Bandana,Midna Cinnamon,4000,1,2024-04-18T19:09:55.000Z,https://universalis.app/market/2652
2653,Leather Eyepatch,Asano Rahl-majere,5003,1,2024-04-13T17:28:53.000Z,https://universalis.app/market/2653
2654,Hard Leather Pot Helm,Lilith Stark,2500,1,2024-04-11T23:26:49.000Z,https://universalis.app/market/2654
2655,Hempen Hat,Peach Buns,32378742,1,2024-04-29T18:48:22.000Z,https://universalis.app/market/2655
2656,Bronze Chain Coif,Seika Haygen,10000000,1,2024-04-21T16:53:42.000Z,https://universalis.app/market/2656
5081,Bronze Rings,Levolta Sven,4001,11,2024-04-06T11:04:23.000Z,https://universalis.app/market/5081
2658,Straw Hat,Emori Nova,50000000,1,2024-04-14T20:52:19.000Z,https://universalis.app/market/2658
5342,Straw,Hiso Reno,1000,40,2024-04-06T20:26:43.000Z,https://universalis.app/market/5342
2660,Amateur's Headgear,Shinobi Dm,4500,1,2024-04-21T06:21:46.000Z,https://universalis.app/market/2660
2661,Amateur's Hempen Coif,Shalltear Neku,40000000,1,2024-04-06T18:33:09.000Z,https://universalis.app/market/2661
2662,Bronze Sallet,O'naria Fair,10000,1,2024-04-15T01:52:07.000Z,https://universalis.app/market/2662
2663,Stablemaid's Hat,Sindel Savage,19200,1,2024-04-07T23:03:22.000Z,https://universalis.app/market/2663
5540,Carnation,Dark Bunni,1480,23,2024-04-08T10:35:52.000Z,https://universalis.app/market/5540
2664,Bronze Barbut,Nazuna Kirishima,30000,1,2024-04-28T00:58:57.000Z,https://universalis.app/market/2664
2665,Cotton Turban,Stein Phite,5000,1,2024-04-17T13:55:16.000Z,https://universalis.app/market/2665
2666,Stablehand's Hat,Aldren Aznable,20000,1,2024-04-07T19:34:44.000Z,https://universalis.app/market/2666
2668,Brass Spectacles,Mother Knows'best,10000,1,2024-04-20T07:26:47.000Z,https://universalis.app/market/2668
5512,Clear Glass Lens,Silas Othemaas,1000,2,2024-04-22T21:33:05.000Z,https://universalis.app/market/5512
2669,Hard Leather Eyepatch,Desmos Kings,149,1,2024-04-07T21:18:08.000Z,https://universalis.app/market/2669
2670,Cotton Scarf,Lucky Jman,60006,1,2024-04-05T03:05:46.000Z,https://universalis.app/market/2670
2672,Hard Leather Skullcap,Makoto Kodakumi,2999,1,2024-04-07T04:30:17.000Z,https://universalis.app/market/2672
2673,Bronze Celata,Zero Silvermile,210000,1,2024-04-14T05:01:02.000Z,https://universalis.app/market/2673
2675,Ash Mask,Grinklo Dieumont,7007,1,2024-04-09T15:38:48.000Z,https://universalis.app/market/2675
2677,Hunting Hat,Moutard Choux,908,1,2024-04-13T05:51:52.000Z,https://universalis.app/market/2677
2680,Decorated Bronze Barbut,Evie Lynn,39998,1,2024-04-14T18:04:48.000Z,https://universalis.app/market/2680
2685,Brass Circlet (Sunstone),Kayla Lykke,25000,1,2024-04-04T20:49:43.000Z,https://universalis.app/market/2685
5169,Sunstone,Abelia Hawthorne,144,2,2024-04-12T18:58:46.000Z,https://universalis.app/market/5169
2687,Brass Circlet (Danburite),Eley Lalafeley,1009,1,2024-04-27T05:35:43.000Z,https://universalis.app/market/2687
5170,Danburite,Euphegenia Doubtfire,99,1,2024-04-10T02:28:27.000Z,https://universalis.app/market/5170
2689,Brass Circlet (Malachite),Esther Keshet,300,1,2024-04-08T09:03:30.000Z,https://universalis.app/market/2689
5171,Malachite,Koruria Urabon,1500,2,2024-04-26T23:32:47.000Z,https://universalis.app/market/5171
2691,Brass Circlet (Sphene),Teddi Meadows,3999,1,2024-04-25T02:14:13.000Z,https://universalis.app/market/2691
5172,Sphene,No Way,301,2,2024-04-04T18:35:46.000Z,https://universalis.app/market/5172
2693,Brass Circlet (Fluorite),Asano Rahl-majere,100,1,2024-04-10T03:08:16.000Z,https://universalis.app/market/2693
5173,Fluorite,Gravis Ultima,101,1,2024-04-19T20:16:43.000Z,https://universalis.app/market/5173
2695,Brass Circlet (Lapis Lazuli),Jaye Hawke,450,1,2024-04-19T08:08:30.000Z,https://universalis.app/market/2695
5174,Lapis Lazuli,Sayaiko Sakai,375,34,2024-04-08T20:11:44.000Z,https://universalis.app/market/5174
2697,Goatskin Pot Helm,Zena Limuria,26500,1,2024-04-19T15:37:26.000Z,https://universalis.app/market/2697
2699,Cotton Coif,Skii Whisks,8500,1,2024-04-09T21:13:01.000Z,https://universalis.app/market/2699
2700,Cotton Coif of Gathering,Nymeia Night,24995,1,2024-04-07T17:24:58.000Z,https://universalis.app/market/2700
2703,Ash Mask (Lapis Lazuli),Concris Stormborn,24935,1,2024-04-04T23:57:39.000Z,https://universalis.app/market/2703
2708,Iron Sallet,Aeyma Yelho,4000,1,2024-04-09T21:16:44.000Z,https://universalis.app/market/2708
2710,Goatskin Eyepatch,Rae Ven,8000,1,2024-04-11T22:41:36.000Z,https://universalis.app/market/2710
2712,Iron Celata,Tsugumi Abumin,8965,1,2024-04-11T21:12:34.000Z,https://universalis.app/market/2712
5082,Iron Rings,Akiza Bloodfallen,1501,3,2024-04-22T02:50:56.000Z,https://universalis.app/market/5082
2714,Initiate's Headgear,Cal Endar,49999,1,2024-04-08T19:33:48.000Z,https://universalis.app/market/2714
2719,Cotton Sugarloaf Hat,Zyandr Amaterasu,80000000,1,2024-04-25T06:37:59.000Z,https://universalis.app/market/2719
2723,Iron Elmo,Dark Orta,5015,1,2024-04-09T18:21:30.000Z,https://universalis.app/market/2723
2725,Reinforced Iron Sallet,Carman Caelum,20000,1,2024-04-05T23:52:53.000Z,https://universalis.app/market/2725
2727,Velveteen Bandana,Landris Talren,30000,1,2024-04-08T22:54:00.000Z,https://universalis.app/market/2727
2728,Silver Spectacles,Kyra Crescent,20000,1,2024-04-20T06:25:48.000Z,https://universalis.app/market/2728
2729,Velveteen Turban,Yuukine Koiyuki,20000,1,2024-04-19T02:51:30.000Z,https://universalis.app/market/2729
2731,Silver Magnifiers,Barnabas Lasbrot,5000,1,2024-04-20T14:15:27.000Z,https://universalis.app/market/2731
2733,Velveteen Wedge Cap of Crafting,Kayla Lykke,20000,1,2024-04-06T20:03:37.000Z,https://universalis.app/market/2733
2734,Velveteen Wedge Cap of Gathering,Avinna Fyre,7500,1,2024-04-23T20:53:45.000Z,https://universalis.app/market/2734
2735,Silver Circlet (Garnet),Kiet Katt,30024,1,2024-04-03T05:53:08.000Z,https://universalis.app/market/2735
5175,Garnet,Misha Dhol,1000,1,2024-04-11T01:14:50.000Z,https://universalis.app/market/5175
2737,Silver Circlet (Goshenite),Rafflesia Aesthesia,15000,1,2024-04-22T06:21:24.000Z,https://universalis.app/market/2737
5176,Goshenite,Re'van Graysin,450,44,2024-04-03T12:29:29.000Z,https://universalis.app/market/5176
2739,Silver Circlet (Peridot),Magnus King,5000,1,2024-04-06T22:27:31.000Z,https://universalis.app/market/2739
5177,Peridot,Boboogie Wowoogie,3200000,1,2024-04-03T20:11:01.000Z,https://universalis.app/market/5177
2741,Silver Circlet (Heliodor),Osirion Silverblade,20000,1,2024-04-29T10:15:38.000Z,https://universalis.app/market/2741
5178,Heliodor,Finwick Shorttail,1000,1,2024-04-25T01:42:19.000Z,https://universalis.app/market/5178
2743,Silver Circlet (Amethyst),Eclipse Vinux,20000,1,2024-04-10T02:29:12.000Z,https://universalis.app/market/2743
5179,Amethyst,Lalabali Burwani,69,99,2024-04-04T01:36:51.000Z,https://universalis.app/market/5179
2745,Silver Circlet (Aquamarine),Delilah Doree,60000,1,2024-04-13T04:44:54.000Z,https://universalis.app/market/2745
5180,Aquamarine,Catcatisa Misa,200,2,2024-04-25T21:06:12.000Z,https://universalis.app/market/5180
2750,Velveteen Beret,Johana Bladebolt,20000,1,2024-04-26T16:19:46.000Z,https://universalis.app/market/2750
5343,Cotton Boll,Y'dra Rahz,800,2,2024-04-16T04:52:24.000Z,https://universalis.app/market/5343
5355,Dodo Feather,Atlas Valentina,500,6,2024-04-18T23:56:41.000Z,https://universalis.app/market/5355
2753,Steel Sallet,Chives Mortimus,39999,1,2024-04-07T04:40:52.000Z,https://universalis.app/market/2753
2755,Steel Celata,Kira Nyx,30028,1,2024-04-29T05:23:38.000Z,https://universalis.app/market/2755
2757,Vintage Celata,Ophilia West,27500,1,2024-04-03T05:45:13.000Z,https://universalis.app/market/2757
2758,Steel Goggles,Asta Kovari,65000,1,2024-04-06T01:29:32.000Z,https://universalis.app/market/2758
2763,Velveteen Sugarloaf Hat,Johana Bladebolt,32500,1,2024-04-26T16:37:38.000Z,https://universalis.app/market/2763
2765,Steel Elmo,Kasumi Gharl,10000,1,2024-04-09T05:29:48.000Z,https://universalis.app/market/2765
2767,Skull Eyepatch,Dawn Millz,39930,1,2024-04-05T03:25:42.000Z,https://universalis.app/market/2767
2769,Mythril Magnifiers,Tiny Pickles,15500,1,2024-04-07T06:57:53.000Z,https://universalis.app/market/2769
2774,Mythril Spectacles,Shady Deed,20047,1,2024-04-27T07:07:54.000Z,https://universalis.app/market/2774
2776,Linen Turban,Xx Ravus,25180,1,2024-04-04T19:45:22.000Z,https://universalis.app/market/2776
2778,Angler's Hat,Tsugumi Abumin,35500,1,2024-04-17T21:29:31.000Z,https://universalis.app/market/2778
2779,Linen Hat,Ayleth Damsca,30000,1,2024-04-05T11:36:11.000Z,https://universalis.app/market/2779
2785,Vintage Chef's Hat,Nuala Maani,42048,1,2024-04-06T03:44:24.000Z,https://universalis.app/market/2785
2657,Ripped Chef's Hat,Nocette Joulioud,40000,1,2024-04-16T01:52:23.000Z,https://universalis.app/market/2657
2786,Steel Barbut,Bia Zaz,31000,1,2024-04-06T20:56:16.000Z,https://universalis.app/market/2786
2788,Boarskin Pot Helm,Choco Muffin,20000,1,2024-04-25T06:31:01.000Z,https://universalis.app/market/2788
2790,Mythril Circlet (Rubellite),Alys Nieve,27500,1,2024-04-04T18:58:37.000Z,https://universalis.app/market/2790
5181,Rubellite,Bunana Bread,500,1,2024-04-21T03:11:51.000Z,https://universalis.app/market/5181
2792,Mythril Circlet (Zircon),Riven Zatoshi,9999,1,2024-04-07T01:38:16.000Z,https://universalis.app/market/2792
5182,Zircon,Lavender Rose,1100,2,2024-04-14T11:36:25.000Z,https://universalis.app/market/5182
2794,Mythril Circlet (Tourmaline),Asano Rahl-majere,18000,1,2024-04-26T04:27:55.000Z,https://universalis.app/market/2794
2796,Mythril Circlet (Amber),Asano Rahl-majere,4500,1,2024-04-28T16:24:19.000Z,https://universalis.app/market/2796
5184,Amber,Rose Fox,5000,1,2024-04-06T15:17:07.000Z,https://universalis.app/market/5184
2798,Mythril Circlet (Spinel),La'kota Nightstar,10000,1,2024-04-08T07:29:10.000Z,https://universalis.app/market/2798
5185,Spinel,Sophie Hyskaris,1000,2,2024-04-08T20:47:30.000Z,https://universalis.app/market/5185
2800,Mythril Circlet (Turquoise),Zoery Solwyn,9995,1,2024-04-26T22:48:44.000Z,https://universalis.app/market/2800
5186,Turquoise,Love-punch Jones,150,25,2024-04-06T19:00:53.000Z,https://universalis.app/market/5186
2802,Mythril Elmo,Aeyma Yelho,25141,1,2024-04-20T21:34:23.000Z,https://universalis.app/market/2802
2804,Linen Wedge Cap of Crafting,Kara Zorel,7000,1,2024-04-03T05:12:15.000Z,https://universalis.app/market/2804
2805,Linen Wedge Cap of Gathering,Azura Highwind,40000,1,2024-04-10T20:13:56.000Z,https://universalis.app/market/2805
2806,Woolen Coif,Violet Anna,50000,1,2024-04-23T23:27:21.000Z,https://universalis.app/market/2806
5328,Undyed Woolen Cloth,Tasheem Sangare,9000,1,2024-04-28T19:34:34.000Z,https://universalis.app/market/5328
2808,Woolen Coif of Gathering,Col Palmeri,10000,1,2024-04-10T04:41:07.000Z,https://universalis.app/market/2808
2810,Woolen Turban,Hy Katt,24994,1,2024-04-04T07:02:46.000Z,https://universalis.app/market/2810
2812,Mythril Celata,Chibi Kun,30046,1,2024-04-09T00:19:00.000Z,https://universalis.app/market/2812
5089,Mythril Rings,Kaien Tanshi,2000,1,2024-04-08T02:39:41.000Z,https://universalis.app/market/5089
2814,Woolen Hat,Kellin Silverwillow,49995,1,2024-04-09T11:06:57.000Z,https://universalis.app/market/2814
2816,Linen Deerstalker,Wuotrael Loetmothwyd,30000,1,2024-04-12T03:47:28.000Z,https://universalis.app/market/2816
2817,Mythril Barbut,Axel Pucarus,23049,1,2024-04-14T15:07:34.000Z,https://universalis.app/market/2817
2819,Mythril Mesail,Willow Riversong,24000000,1,2024-04-22T03:08:16.000Z,https://universalis.app/market/2819
2825,Ranger's Hat,Saya Neko-chan,1900,1,2024-04-17T04:47:28.000Z,https://universalis.app/market/2825
2827,Mythril Chain Coif,Haname Khatayin,5000,1,2024-04-03T22:30:16.000Z,https://universalis.app/market/2827
2829,Woolen Beret,Daria Durami,55555,1,2024-04-23T04:35:57.000Z,https://universalis.app/market/2829
5348,Apkallu Down,Suvd Tumet,2000,1,2024-04-10T22:44:32.000Z,https://universalis.app/market/5348
2830,Reinforced Mythril Elmo,Sager Step-on-me,55555,1,2024-04-27T01:31:51.000Z,https://universalis.app/market/2830
2832,Woolen Cavalier's Hat,Yuki Kuhaku,32500000,1,2024-04-16T04:50:34.000Z,https://universalis.app/market/2832
2834,Cobalt Preserves,Xau Relanah,55500,1,2024-04-29T02:46:26.000Z,https://universalis.app/market/2834
2835,Felt Coif,Azazel Blaze,10000,1,2024-04-08T21:00:45.000Z,https://universalis.app/market/2835
2837,Felt Coif of Gathering,Vivii Higanbana,19900,1,2024-04-18T18:25:34.000Z,https://universalis.app/market/2837
2850,Cobalt Elmo,Khloe Blueberry,19979,1,2024-04-25T04:17:43.000Z,https://universalis.app/market/2850
2852,Felt Hat,Aeyma Yelho,25000,1,2024-04-22T21:18:51.000Z,https://universalis.app/market/2852
2854,Woolen Deerstalker,Melody Rains,14000,1,2024-04-18T14:32:59.000Z,https://universalis.app/market/2854
2855,Vintage Jester's Cap,Nithrin Gorthrit,50000,1,2024-04-27T03:54:20.000Z,https://universalis.app/market/2855
2702,Moldering Jester's Cap,Renari Invictus,2999,1,2024-04-06T03:30:56.000Z,https://universalis.app/market/2702
2857,Electrum Monocle,Meteor Finalfantasy,99999,1,2024-04-29T04:27:08.000Z,https://universalis.app/market/2857
5087,Brass Rings,Sycella Morning,700,99,2024-04-27T08:45:04.000Z,https://universalis.app/market/5087
2859,Cobalt Barbut,Lost Mans,25000,1,2024-04-07T20:44:53.000Z,https://universalis.app/market/2859
2861,Cobalt Mesail,Daria Durami,50000,1,2024-04-25T17:50:41.000Z,https://universalis.app/market/2861
2862,Raptorskin Pot Helm,Valgrim Nightbane,50000,1,2024-04-06T20:21:11.000Z,https://universalis.app/market/2862
2870,Electrum Circlet (Rubellite),Autumn Drake,22500,1,2024-04-17T21:58:28.000Z,https://universalis.app/market/2870
2872,Electrum Circlet (Zircon),Kenshin Tyr,25000,1,2024-04-10T13:46:46.000Z,https://universalis.app/market/2872
2874,Electrum Circlet (Tourmaline),Tako Choo,4849,1,2024-04-16T05:31:33.000Z,https://universalis.app/market/2874
2876,Electrum Circlet (Amber),Nuala Maani,30000,1,2024-04-25T02:18:52.000Z,https://universalis.app/market/2876
2878,Electrum Circlet (Spinel),Hawaiian Punch,55555,1,2024-04-20T21:10:02.000Z,https://universalis.app/market/2878
2880,Electrum Circlet (Turquoise),Vagabond Varr,1999,1,2024-04-25T04:05:57.000Z,https://universalis.app/market/2880
2882,Rainmaker's Hat,Lilly Ariti,33600,1,2024-04-15T20:51:54.000Z,https://universalis.app/market/2882
2884,Cobalt Chain Coif,Syeira Strongshield,25019,1,2024-04-21T22:35:08.000Z,https://universalis.app/market/2884
5084,Cobalt Rings,Myi' Ke,1250,4,2024-04-27T18:02:35.000Z,https://universalis.app/market/5084
2886,Felt Beret,Rieva Marchal,42490,1,2024-04-27T01:37:24.000Z,https://universalis.app/market/2886
2888,Vintage Coif,Drake Eldritch,10000,1,2024-04-18T17:11:08.000Z,https://universalis.app/market/2888
2759,Torn Coif,Renari Invictus,24992,1,2024-04-05T02:30:41.000Z,https://universalis.app/market/2759
2889,Cobalt Celata,Ethano Thedecent,1999,1,2024-04-05T19:50:44.000Z,https://universalis.app/market/2889
2891,Felt Cavalier's Hat,Mori Granhiert,38500,1,2024-04-12T18:10:47.000Z,https://universalis.app/market/2891
2893,Cobalt Sallet,Hegott Thudripp,50003,1,2024-04-06T18:11:28.000Z,https://universalis.app/market/2893
2895,Patrician's Wedge Cap,Prox Leaust,49000,1,2024-04-03T02:45:12.000Z,https://universalis.app/market/2895
2911,Militia Barbut,Malik Thorne,99999,1,2024-04-18T16:17:18.000Z,https://universalis.app/market/2911
2912,Militia Armet,Oteekiq Von,2296,1,2024-04-19T10:22:22.000Z,https://universalis.app/market/2912
2913,Militia Hat,Mando Lorien,2474,1,2024-04-15T01:17:55.000Z,https://universalis.app/market/2913
2915,Silver Tricorne,Rory Grimms,16057,1,2024-04-21T08:31:00.000Z,https://universalis.app/market/2915
5287,Uraeus Leather,Misa Khampo,19999,2,2024-04-15T17:20:10.000Z,https://universalis.app/market/5287
2920,Carpenter's Hood,Mosette Auzonir,7990,1,2024-04-23T16:42:56.000Z,https://universalis.app/market/2920
2921,Blacksmith's Goggles,Carman Caelum,19999,1,2024-04-11T02:36:41.000Z,https://universalis.app/market/2921
2922,Armorer's Visor,Aenyxtheis Elyseios,15000,1,2024-04-09T14:02:06.000Z,https://universalis.app/market/2922
2923,Goldsmith's Turban,Yuki Oda,14400,1,2024-04-14T10:54:00.000Z,https://universalis.app/market/2923
2924,Leatherworker's Hat,Fiona Blazes,19872,1,2024-04-13T22:38:00.000Z,https://universalis.app/market/2924
2925,Weaver's Gibus,Sora Preston,19998,1,2024-04-10T04:49:25.000Z,https://universalis.app/market/2925
2926,Alchemist's Monocle,King Bruiser,35000,1,2024-04-08T19:58:17.000Z,https://universalis.app/market/2926
2927,Culinarian's Hat,Gatsu Gremory,14433,1,2024-04-29T03:52:27.000Z,https://universalis.app/market/2927
2928,Hamlet Digger's Helmet,Aelric Gunnar,30000,1,2024-04-16T04:32:35.000Z,https://universalis.app/market/2928
2929,Hamlet Cutter's Hat,Winter Blossom,30000,1,2024-04-04T00:09:42.000Z,https://universalis.app/market/2929
2930,Hamlet Puller's Hat,Kyo Regium,40000,1,2024-04-03T06:03:47.000Z,https://universalis.app/market/2930
2932,Rose Gold Circlet,Yukkiko Amagi,4000,1,2024-04-03T17:49:55.000Z,https://universalis.app/market/2932
2931,Legionary Visor,Aeveradys Grace,140000000,1,2024-04-04T20:16:26.000Z,https://universalis.app/market/2931
5067,Rose Gold Ingot,Kirarose Snow,2750,15,2024-04-19T02:02:03.000Z,https://universalis.app/market/5067
2933,Imperial Operative Tricorne,Willow Raidersong,8998,1,2024-04-16T19:42:32.000Z,https://universalis.app/market/2933
2938,Gryphonskin Bandana,Lekaka Leka,1892,1,2024-04-18T12:28:11.000Z,https://universalis.app/market/2938
5289,Hard Hippogryph Leather,Novus Kuromatsu,7000,1,2024-04-13T22:35:45.000Z,https://universalis.app/market/5289
2939,Gryphonskin Hat,Willow Raidersong,9000,1,2024-04-16T19:42:13.000Z,https://universalis.app/market/2939
2940,Darksteel Chain Coif,Eric Theskum,7983,1,2024-04-19T06:59:23.000Z,https://universalis.app/market/2940
5085,Darksteel Rings,Silvester Zephyrinus,1000,1,2024-04-21T05:11:58.000Z,https://universalis.app/market/5085
2941,Vanya Hat of Casting,Dragonslayer Dan,25400,1,2024-04-14T01:25:37.000Z,https://universalis.app/market/2941
5577,Vanya Silk Hat Lining,Didrianna Winterset,1999,2,2024-04-13T00:15:53.000Z,https://universalis.app/market/5577
2942,Vanya Hat of Healing,Tira Mitsu,7999,1,2024-04-03T06:11:57.000Z,https://universalis.app/market/2942
2958,Hempen Dalmatica,Mix Wovenheart,2003,1,2024-04-22T00:10:01.000Z,https://universalis.app/market/2958
2959,Hempen Dalmatica of Gathering,Nocturna Mavenar,42,1,2024-04-03T03:43:37.000Z,https://universalis.app/market/2959
2960,Hempen Tunic,Kimberly Pendragon,24666668,1,2024-04-16T02:35:03.000Z,https://universalis.app/market/2960
2961,Hempen Kurta,Clown Chan,60000000,1,2024-04-05T12:11:07.000Z,https://universalis.app/market/2961
2993,Company Tabard,Wonker Doodle,1494999,1,2024-04-26T23:23:12.000Z,https://universalis.app/market/2993
2996,Hempen Undershirt,Sam Yunalesca,550,1,2024-04-27T15:52:31.000Z,https://universalis.app/market/2996
2997,Hempen Camise,Vral Moore,5000000,1,2024-04-06T21:15:26.000Z,https://universalis.app/market/2997
2999,Hempen Tabard,Kiet Katt,15000,1,2024-04-03T20:28:09.000Z,https://universalis.app/market/2999
3000,Hempen Cowl,Miyako Algizyr,5006,1,2024-04-30T17:34:51.000Z,https://universalis.app/market/3000
3001,Hempen Shepherd's Tunic,Aeyma Yelho,40000,1,2024-04-03T23:10:49.000Z,https://universalis.app/market/3001
3008,Hempen Acton,Tanya Von-degurechaff,4500,1,2024-04-18T22:00:55.000Z,https://universalis.app/market/3008
5341,Moko Grass,Mocha Roundbottom,800,2,2024-04-26T20:36:47.000Z,https://universalis.app/market/5341
3010,Hempen Halfrobe,Pepper Pancakes,4999,1,2024-04-05T00:02:58.000Z,https://universalis.app/market/3010
3011,Bronze Haubergeon,Kaladin Alethi,1400,1,2024-04-11T03:23:06.000Z,https://universalis.app/market/3011
3013,Amateur's Doublet Vest,Rose Gwynevere,6000,1,2024-04-19T02:13:56.000Z,https://universalis.app/market/3013
3014,Amateur's Kurta,Yuukine Koiyuki,107,1,2024-04-07T23:03:00.000Z,https://universalis.app/market/3014
3015,Amateur's Dalmatica,Div Qq,80000000,1,2024-04-07T20:51:53.000Z,https://universalis.app/market/3015
3016,Leather Jacket,Lailah Lamassu,1507,1,2024-04-16T23:15:42.000Z,https://universalis.app/market/3016
3017,Hard Leather Harness,Lailah Lamassu,9000,1,2024-04-17T00:24:51.000Z,https://universalis.app/market/3017
3018,Hempen Robe,B'lahaj Enthusiast,4500,1,2024-04-26T02:25:26.000Z,https://universalis.app/market/3018
3019,Hempen Doublet Vest of Crafting,Claude Lohan,4000,1,2024-04-27T19:05:56.000Z,https://universalis.app/market/3019
3020,Hempen Doublet Vest of Gathering,Ash Takemura,25000,1,2024-04-20T00:00:07.000Z,https://universalis.app/market/3020
3022,Cotton Shirt,Arumat Dotharl,10011,1,2024-04-18T20:34:34.000Z,https://universalis.app/market/3022
3023,Cotton Shepherd's Tunic,Kyo Nanami,46011,1,2024-04-15T21:29:43.000Z,https://universalis.app/market/3023
3024,Cotton Cowl,Jeranis Liran,40000,1,2024-04-18T01:37:08.000Z,https://universalis.app/market/3024
3026,Bronze Cuirass,Mybad Letswipe,1500,1,2024-04-12T17:51:20.000Z,https://universalis.app/market/3026
3028,Cotton Tabard,Spine Grinder,14995,1,2024-04-11T06:50:51.000Z,https://universalis.app/market/3028
3036,Cotton Dalmatica,Tiny Mardreas,5015,1,2024-04-29T03:17:55.000Z,https://universalis.app/market/3036
3038,Cotton Dalmatica of Gathering,Maysa Helaire,10000,1,2024-04-13T22:22:03.000Z,https://universalis.app/market/3038
3039,Cotton Acton,Robert Sus,15000,1,2024-04-03T01:11:26.000Z,https://universalis.app/market/3039
3041,Cotton Kurta,Kayla Lykke,1000,1,2024-04-03T20:28:25.000Z,https://universalis.app/market/3041
3043,Goatskin Jacket,Axel Helix,30,1,2024-04-12T17:08:59.000Z,https://universalis.app/market/3043
3045,Iron Cuirass,Sire Mingala,8000,1,2024-04-21T21:08:05.000Z,https://universalis.app/market/3045
3050,Cotton Halfrobe,Galvin Swiftheart,5500,1,2024-04-04T22:04:05.000Z,https://universalis.app/market/3050
3052,Cotton Doublet Vest of Crafting,Carman Caelum,49999,1,2024-04-04T23:54:31.000Z,https://universalis.app/market/3052
3053,Cotton Doublet Vest of Gathering,Nymeia Night,40000,1,2024-04-07T17:25:24.000Z,https://universalis.app/market/3053
3057,Iron Scale Mail,Verinai Martichoras,25000,1,2024-04-17T14:06:27.000Z,https://universalis.app/market/3057
3060,Cotton Trapper's Tunic,Dark Orta,9500,1,2024-04-09T18:21:49.000Z,https://universalis.app/market/3060
3062,Cotton Robe,Storm Nyteweaver,24935,1,2024-04-08T06:18:06.000Z,https://universalis.app/market/3062
3064,Initiate's Doublet Vest,Suvd Tumet,12000,1,2024-04-13T23:41:39.000Z,https://universalis.app/market/3064
3065,Initiate's Gown,Bad Guy,1250,1,2024-04-04T05:32:27.000Z,https://universalis.app/market/3065
3066,Velveteen Shirt,Lailah Lamassu,16029,1,2024-04-17T02:42:32.000Z,https://universalis.app/market/3066
3068,Heavy Iron Armor,Kiritoro Ashura,15000,1,2024-04-23T05:41:52.000Z,https://universalis.app/market/3068
3076,Vintage Coatee,Bia Zaz,50066,1,2024-04-06T20:56:21.000Z,https://universalis.app/market/3076
3009,Moth-eaten Coatee,Grimm Sylverblood,9999,1,2024-04-21T17:36:56.000Z,https://universalis.app/market/3009
3077,Velveteen Coatee of Crafting,Hit N'run,45000,1,2024-04-07T18:53:33.000Z,https://universalis.app/market/3077
3090,Velveteen Cowl,Shozai Honzai,21930,1,2024-04-19T14:23:06.000Z,https://universalis.app/market/3090
3092,Velveteen Coatee of Gathering,Nih Lus,40000,1,2024-04-11T23:59:16.000Z,https://universalis.app/market/3092
3096,Steel Chainmail,Scarlett O'rose,53000,1,2024-04-23T02:55:41.000Z,https://universalis.app/market/3096
5083,Steel Rings,Hikari Miketsukami,999,3,2024-04-04T07:58:54.000Z,https://universalis.app/market/5083
3099,Toadskin Jerkin,Sephira Sol,30000,1,2024-04-10T23:45:38.000Z,https://universalis.app/market/3099
3100,Toadskin Jacket,Kairoz Ymir,39975,1,2024-04-14T15:09:55.000Z,https://universalis.app/market/3100
3102,Steel Cuirass,Usar Gharl,4000000,1,2024-04-22T21:23:00.000Z,https://universalis.app/market/3102
3104,Velveteen Gown,Lilly Ariti,20000,1,2024-04-10T16:53:14.000Z,https://universalis.app/market/3104
3105,Vintage Doublet Vest,Jynxx Sieghart,50000,1,2024-04-04T02:27:13.000Z,https://universalis.app/market/3105
2998,Frayed Cotton Doublet Vest,Demon Rush,5000,1,2024-04-26T12:23:32.000Z,https://universalis.app/market/2998
3106,Velveteen Robe,Sottomessa Kitten,60000,1,2024-04-11T02:05:04.000Z,https://universalis.app/market/3106
3118,Steel Scale Mail,Drifa Strangelove,30000,1,2024-04-06T23:20:20.000Z,https://universalis.app/market/3118
3120,Velveteen Doublet Vest of Crafting,Deleted Sir,30000,1,2024-04-08T04:09:16.000Z,https://universalis.app/market/3120
3121,Velveteen Doublet Vest of Gathering,Guillefresn Vairemont,35500,1,2024-04-23T07:21:30.000Z,https://universalis.app/market/3121
3125,Linen Shirt,Kairoz Ymir,19975,1,2024-04-14T15:17:20.000Z,https://universalis.app/market/3125
3127,Heavy Steel Armor,Versai Tenebria,33060,1,2024-04-19T23:53:19.000Z,https://universalis.app/market/3127
3131,Linen Robe,Mathis Highwind,25000,1,2024-04-17T06:23:01.000Z,https://universalis.app/market/3131
3137,Vintage Chef's Apron,Rito Deauxnim,25000,1,2024-04-21T17:40:03.000Z,https://universalis.app/market/3137
3012,Stained Chef's Apron,Nocette Joulioud,70000,1,2024-04-14T16:48:12.000Z,https://universalis.app/market/3012
3138,Boarskin Harness,Caydyn Cotheris,50000,1,2024-04-11T23:01:23.000Z,https://universalis.app/market/3138
3140,Linen Cowl,Aitch Bar,20000,1,2024-04-03T02:46:44.000Z,https://universalis.app/market/3140
3142,Horn Scale Mail,Alt Two,19999,1,2024-04-05T17:51:01.000Z,https://universalis.app/market/3142
3144,Linen Coatee of Crafting,Kara Zorel,50000,1,2024-04-03T05:12:45.000Z,https://universalis.app/market/3144
3145,Linen Coatee of Gathering,Ash Takemura,22000,1,2024-04-26T22:45:26.000Z,https://universalis.app/market/3145
3146,Linen Bliaud,Aenyxtheis Elyseios,25000,1,2024-04-09T13:16:14.000Z,https://universalis.app/market/3146
3147,Woolen Shirt,Asano Rahl-majere,15080,1,2024-04-28T05:00:27.000Z,https://universalis.app/market/3147
3149,Mythril Cuirass,Ivakiir Stark,36600,1,2024-04-28T20:57:37.000Z,https://universalis.app/market/3149
3160,Woolen Robe,Aran Iseterre,40077,1,2024-04-28T23:24:49.000Z,https://universalis.app/market/3160
3162,Linen Smock,Meringue Vanille,30000,1,2024-04-05T22:11:52.000Z,https://universalis.app/market/3162
3163,Linen Doublet,Orion Moonshadow,29990,1,2024-04-27T17:18:06.000Z,https://universalis.app/market/3163
3164,Vintage Scale Mail,Alt Two,31578,1,2024-04-10T18:18:25.000Z,https://universalis.app/market/3164
3021,Blackened Scale Mail,Almond Pocky,1000,1,2024-04-08T23:47:03.000Z,https://universalis.app/market/3021
3165,Peisteskin Harness,Maki Ukima,39900,1,2024-04-05T21:30:32.000Z,https://universalis.app/market/3165
3172,Ranger's Tunic,Rivv Amolen,20000,1,2024-04-13T22:25:20.000Z,https://universalis.app/market/3172
3174,Mythril Haubergeon,Fin Dei-ijla,35004,1,2024-04-17T22:07:26.000Z,https://universalis.app/market/3174
3176,Woolen Gown,Shi Yi,55555,1,2024-04-15T17:59:13.000Z,https://universalis.app/market/3176
3177,Boarskin Jerkin,Dom Royale,30076,1,2024-04-29T02:29:32.000Z,https://universalis.app/market/3177
3178,Woolen Bliaud,Fiona Blazes,1500,1,2024-04-12T19:34:41.000Z,https://universalis.app/market/3178
3180,High Mythril Armor,Khloe Blueberry,30000,1,2024-04-24T06:45:08.000Z,https://universalis.app/market/3180
3182,Vintage Seneschal Coatee,Nick Miller,99000,1,2024-04-17T01:22:53.000Z,https://universalis.app/market/3182
3098,Moth-eaten Seneschal Coatee,Renari Invictus,10000,1,2024-04-06T03:30:38.000Z,https://universalis.app/market/3098
3183,Tortoiseshell Scale Mail,Tsugumi Abumin,32990,1,2024-04-23T20:19:34.000Z,https://universalis.app/market/3183
3185,Felt Robe,Meringue Vanille,30000,1,2024-04-07T23:06:32.000Z,https://universalis.app/market/3185
3187,Woolen Smock,Inimini Miniemoe,12000,1,2024-04-24T17:01:06.000Z,https://universalis.app/market/3187
3188,Woolen Doublet,Dazaii Osamu,27999,1,2024-04-28T06:16:26.000Z,https://universalis.app/market/3188
3191,Raptorskin Harness,Maius Lux-aurelius,19000,1,2024-04-08T22:52:50.000Z,https://universalis.app/market/3191
3193,Woolen Cowl,Testiqleeze Meetus,3000,1,2024-04-12T15:11:36.000Z,https://universalis.app/market/3193
3201,Rainmaker's Tunic,Meringue Vanille,60000,1,2024-04-07T23:06:45.000Z,https://universalis.app/market/3201
3203,Cobalt Haubergeon,Mythic Null,55555,1,2024-04-13T00:35:34.000Z,https://universalis.app/market/3203
3205,Felt Gown,Suvd Tumet,18902,1,2024-04-18T18:26:02.000Z,https://universalis.app/market/3205
3206,Raptorskin Jerkin,Oro Borus,52000,1,2024-04-03T09:30:55.000Z,https://universalis.app/market/3206
3208,Vintage Robe,Aster Felwyn,29998,1,2024-04-14T08:49:15.000Z,https://universalis.app/market/3208
3108,Tattered Robe,Nmaster Nick,2772,1,2024-04-27T00:34:59.000Z,https://universalis.app/market/3108
3209,Cobalt Cuirass,Chin Chillen,17095,1,2024-04-04T01:35:59.000Z,https://universalis.app/market/3209
3211,Felt Bliaud,Shady Deed,48249,1,2024-04-11T05:49:07.000Z,https://universalis.app/market/3211
3213,Raptorskin Jacket,Bigbossdbz Ultima,20000,1,2024-04-14T03:30:52.000Z,https://universalis.app/market/3213
3215,Patrician's Coatee,Lena Solace,60000,1,2024-04-03T02:16:17.000Z,https://universalis.app/market/3215
3218,Vintage Haubergeon,Eraizima Telvyr,40000,1,2024-04-07T21:17:51.000Z,https://universalis.app/market/3218
3059,Ripped Haubergeon,Yozora Rose,900,1,2024-04-13T19:47:23.000Z,https://universalis.app/market/3059
3229,Carpenter's Gown,Wynd Willow,12999,1,2024-04-07T19:11:40.000Z,https://universalis.app/market/3229
3230,Blacksmith's Apron,Skyleth Dragonblade,65000,1,2024-04-11T00:57:31.000Z,https://universalis.app/market/3230
3231,Armorer's Gown,Khalit Ugunda,18499,1,2024-04-11T01:40:02.000Z,https://universalis.app/market/3231
3232,Goldsmith's Doublet,Ced Fitoria,45000,1,2024-04-06T09:00:09.000Z,https://universalis.app/market/3232
3233,Leatherworker's Shirt,Maximilion Pegasus,34000,1,2024-04-25T16:45:39.000Z,https://universalis.app/market/3233
3234,Weaver's Swallowtail,Geisha Devine,23000,1,2024-04-23T05:01:30.000Z,https://universalis.app/market/3234
3235,Alchemist's Coat,Cipher Belle,28000,1,2024-04-13T19:36:57.000Z,https://universalis.app/market/3235
3236,Culinarian's Apron,Mihk'to Shimizu,49999,1,2024-04-21T21:32:05.000Z,https://universalis.app/market/3236
3237,Miner's Shirt,Alpis Custos,38900,1,2024-04-08T19:31:22.000Z,https://universalis.app/market/3237
3238,Botanist's Doublet,Buttery Succubiscuit,60000,1,2024-04-07T01:53:41.000Z,https://universalis.app/market/3238
3239,Fisher's Shirt,Raiatea Klawsakova,100297,1,2024-04-18T03:24:42.000Z,https://universalis.app/market/3239
3241,Militia Cuirass,Esther Keshet,3119,1,2024-04-15T13:32:55.000Z,https://universalis.app/market/3241
3242,Militia Harness,Muchi Althinsa,42001,1,2024-04-05T15:57:36.000Z,https://universalis.app/market/3242
3243,Mosshorn Scale Mail,Jegg Yh'olk,13998,1,2024-04-07T16:26:12.000Z,https://universalis.app/market/3243
