id,name,buyerName,pricePerUnit,quantity,timestamp,universalisUrl
1602,Bronze Bastard Sword,Totty Mcfly,47500000,1,2024-02-07T02:03:59.000Z,https://universalis.app/market/1602
2,Fire Shard,Gussi Linx,650,44,2024-02-06T04:51:41.000Z,https://universalis.app/market/2
5,Earth Shard,Azazel Blaze,111,6999,2024-02-07T15:22:44.000Z,https://universalis.app/market/5
5056,Bronze Ingot,Misha Dhol,2000,25,2024-02-18T21:35:43.000Z,https://universalis.app/market/5056
5361,Maple Lumber,Drogon Zaldrizes',900,1,2024-02-06T12:56:10.000Z,https://universalis.app/market/5361
5432,Bone Chip,Luka Alandris,1000000,1,2024-02-27T08:25:14.000Z,https://universalis.app/market/5432
1603,Viking Sword,Z'uan Nyx,18004,1,2024-02-12T10:57:25.000Z,https://universalis.app/market/1603
5275,Leather,Myi' Ke,350,3,2024-02-24T00:29:40.000Z,https://universalis.app/market/5275
1604,Ash Macuahuitl,Arfur Foulkesaycke,795,1,2024-02-25T23:55:45.000Z,https://universalis.app/market/1604
3,Ice Shard,Bsko Whitefang,300,50,2024-02-27T10:01:50.000Z,https://universalis.app/market/3
4,Wind Shard,Xau Relanah,101,5260,2024-02-05T22:01:20.000Z,https://universalis.app/market/4
5124,Obsidian,Evelyn Summers,300,10,2024-02-05T02:45:59.000Z,https://universalis.app/market/5124
5364,Ash Lumber,Skrully Matsuyama,1200,2,2024-02-16T06:00:12.000Z,https://universalis.app/market/5364
1605,Bronze Spatha,Vain Zaileen,25000000,1,2024-02-08T18:21:01.000Z,https://universalis.app/market/1605
5276,Hard Leather,Oliphae Stormwind,2000,2,2024-03-01T00:51:21.000Z,https://universalis.app/market/5276
5434,Ram Horn,Fibit Lancaster,33001,1,2024-02-09T22:55:12.000Z,https://universalis.app/market/5434
1607,Brass Bastard Sword,Shelltor De'rose,8000,1,2024-02-21T00:08:57.000Z,https://universalis.app/market/1607
5063,Brass Ingot,Tuan Nguyen,3000,1,2024-02-04T22:11:37.000Z,https://universalis.app/market/5063
1609,Brass Viking Sword,Rin Azzy,25000,1,2024-02-14T03:46:50.000Z,https://universalis.app/market/1609
5277,Aldgoat Leather,Xau Relanah,5000,10,2024-02-05T22:22:07.000Z,https://universalis.app/market/5277
1611,Carnage Sword,Pat Fenis,2100,1,2024-03-01T19:49:30.000Z,https://universalis.app/market/1611
1614,Iron Shortsword,Telix Prodrolus,1016,1,2024-02-20T01:24:37.000Z,https://universalis.app/market/1614
5057,Iron Ingot,Tigga Walsh,1500,10,2024-02-10T02:02:01.000Z,https://universalis.app/market/5057
5367,Elm Lumber,Xau Relanah,2000,1,2024-02-06T03:25:27.000Z,https://universalis.app/market/5367
1622,Iron Spatha,Rin Azzy,4000,1,2024-02-16T03:33:18.000Z,https://universalis.app/market/1622
5435,Antelope Horn,Depressed Kitty,4000,2,2024-02-11T19:49:19.000Z,https://universalis.app/market/5435
1625,Steel Broadsword,Tazriel Waltz,6000,1,2024-02-20T00:44:59.000Z,https://universalis.app/market/1625
5058,Steel Ingot,Rilie Palmetta,5000,15,2024-02-16T01:16:56.000Z,https://universalis.app/market/5058
5371,Walnut Lumber,Kiyah Lancaster,4000,10,2024-02-15T06:44:59.000Z,https://universalis.app/market/5371
5444,Wolf Fang,Araya Stormborn,2800,6,2024-02-10T21:15:46.000Z,https://universalis.app/market/5444
1627,Elm Macuahuitl,Galvin Blue,8000,1,2024-02-27T00:31:58.000Z,https://universalis.app/market/1627
1633,Steel Falchion,Rain Shadowsong,30036,1,2024-02-06T05:32:14.000Z,https://universalis.app/market/1633
5260,Siltstone Whetstone,Zarya Avere,1400,1,2024-02-26T01:17:43.000Z,https://universalis.app/market/5260
1635,Vintage Bastard Sword,Ice Crystal,21000,1,2024-02-22T14:30:24.000Z,https://universalis.app/market/1635
8,Fire Crystal,Valadrian Xithos,91,61,2024-02-11T22:27:43.000Z,https://universalis.app/market/8
5259,Mudstone Whetstone,Slayer Kirk,2000,17,2024-02-17T11:13:32.000Z,https://universalis.app/market/5259
1637,Walnut Macuahuitl,Tuan Nguyen,4200,1,2024-02-04T22:07:11.000Z,https://universalis.app/market/1637
5125,Wyvern Obsidian,Kiyah Lancaster,2000,40,2024-02-15T12:49:02.000Z,https://universalis.app/market/5125
1639,Steel Longsword,Imma'b Deleveled,10000,1,2024-02-23T22:23:23.000Z,https://universalis.app/market/1639
5504,Fish Glue,Home Depot,3400,1,2024-02-09T09:52:13.000Z,https://universalis.app/market/5504
1642,Goblin Scimitar,Heals Onwheels,7500,1,2024-02-04T20:51:41.000Z,https://universalis.app/market/1642
1613,Blunt Goblin Scimitar,Shadowkitty Caitsidhe,740,1,2024-02-04T22:25:51.000Z,https://universalis.app/market/1613
1643,Mythril Broadsword,Nemo Waldo,25000,1,2024-02-26T23:24:00.000Z,https://universalis.app/market/1643
5065,Mythril Ingot,Map Lock,5000,5,2024-02-24T11:45:37.000Z,https://universalis.app/market/5065
5373,Oak Lumber,Dino Punch-kick,4000,10,2024-02-24T00:00:41.000Z,https://universalis.app/market/5373
1648,Vintage Viking Sword,Tyler Harper,21000,1,2024-02-22T14:53:42.000Z,https://universalis.app/market/1648
11,Earth Crystal,Otoha Kannagi,65,500,2024-02-24T07:11:35.000Z,https://universalis.app/market/11
1616,Nicked Viking Sword,Map Lock,19999,1,2024-02-24T23:54:29.000Z,https://universalis.app/market/1616
1649,Goblin Longsword,Nurse Lilac,18074,1,2024-02-27T06:09:26.000Z,https://universalis.app/market/1649
1621,Blunt Goblin Longsword,Map Lock,1500,1,2024-02-25T03:17:21.000Z,https://universalis.app/market/1621
5262,Basilisk Whetstone,Ahnstah Dalamiq,5002,2,2024-02-04T22:42:45.000Z,https://universalis.app/market/5262
1650,Plumed Oak Macuahuitl,Zacharius Saerion,5000,1,2024-02-21T00:34:19.000Z,https://universalis.app/market/1650
5360,Wildfowl Feather,Val Maerion,2000,5,2024-02-15T17:42:20.000Z,https://universalis.app/market/5360
1657,Cobalt Katzbalger,Fratley Iron'tail,15061,1,2024-02-13T01:38:47.000Z,https://universalis.app/market/1657
5059,Cobalt Ingot,Rycic Ceb,5000,2,2024-02-11T04:02:14.000Z,https://universalis.app/market/5059
5066,Electrum Ingot,Kidar Arda,10002,4,2024-03-01T11:09:58.000Z,https://universalis.app/market/5066
5282,Boar Leather,Apples Jack,5000,10,2024-02-06T02:56:48.000Z,https://universalis.app/market/5282
1659,Cobalt Shamshir,Ramiel Forrest,65000000,1,2024-02-20T16:47:41.000Z,https://universalis.app/market/1659
5436,Aldgoat Horn,Thilly Ducky,2000,2,2024-02-25T04:12:43.000Z,https://universalis.app/market/5436
1663,Cobalt Winglet,Natasha Yaroslav,55555,1,2024-03-01T22:15:10.000Z,https://universalis.app/market/1663
5374,Mahogany Lumber,Sweet Justice,3500,1,2024-02-04T06:47:02.000Z,https://universalis.app/market/5374
5465,Sunrise Tellin,Lord Asher,1000,97,2024-02-12T20:09:01.000Z,https://universalis.app/market/5465
5505,Horn Glue,Agrael Cousland,8500,1,2024-02-06T19:52:41.000Z,https://universalis.app/market/5505
1666,Giantsgall Longsword,Nyanta Shiroe,18000,1,2024-02-05T19:46:04.000Z,https://universalis.app/market/1666
18,Lightning Cluster,Willo Ren,1001,121,2024-02-07T05:06:03.000Z,https://universalis.app/market/18
19,Water Cluster,Remi Malqir,2340,25,2024-02-12T04:22:00.000Z,https://universalis.app/market/19
7620,Diluted Vitriol,J'wehli Fasaxo,1500,1,2024-02-10T19:11:25.000Z,https://universalis.app/market/7620
1670,Aeolian Scimitar,Ixkur Babooey,99800,1,2024-02-20T06:07:06.000Z,https://universalis.app/market/1670
1636,Blunt Aeolian Scimitar,Tigzy's Senpai,1000060,1,2024-02-10T22:37:23.000Z,https://universalis.app/market/1636
5061,Darksteel Nugget,Raena Kurai,8000,1,2024-02-22T15:00:31.000Z,https://universalis.app/market/5061
1673,Mailbreaker,Kettu Vos,10000,1,2024-02-11T09:12:53.000Z,https://universalis.app/market/1673
14,Fire Cluster,Ayase Mori,399,3500,2024-02-09T21:30:05.000Z,https://universalis.app/market/14
17,Earth Cluster,Little Strykr,150,500,2024-02-27T04:17:45.000Z,https://universalis.app/market/17
5068,Rose Gold Nugget,Kaneko Kyriedark,5500,1,2024-02-04T07:13:26.000Z,https://universalis.app/market/5068
5288,Hippogryph Leather,Goddess Kiki,40000,1,2024-02-11T22:08:37.000Z,https://universalis.app/market/5288
5570,Mailbreaker Blade,Kayuza Yayreza,2100,1,2024-02-23T03:22:11.000Z,https://universalis.app/market/5570
1681,Bone Hora,Rokuyari Malaguld,20000,1,2024-02-04T21:32:56.000Z,https://universalis.app/market/1681
5318,Animal Sinew,Shelby Gt,500,5,2024-02-20T04:56:26.000Z,https://universalis.app/market/5318
1682,Leather Himantes,Noctis Shadowsong,9003,1,2024-02-05T18:04:32.000Z,https://universalis.app/market/1682
5324,Undyed Hempen Cloth,Z'uan Nyx,500,67,2024-02-13T13:08:53.000Z,https://universalis.app/market/5324
1683,Ramhorn Claws,Rokuyari Malaguld,5000,1,2024-02-11T22:16:16.000Z,https://universalis.app/market/1683
1684,Bronze Knuckles,Courtney William,10009,1,2024-02-08T22:50:26.000Z,https://universalis.app/market/1684
1685,Hard Leather Himantes,Lou Chen,600,1,2024-02-15T02:10:29.000Z,https://universalis.app/market/1685
1686,Brass Knuckles,Rin Azzy,25000,1,2024-02-11T01:05:01.000Z,https://universalis.app/market/1686
1688,Goatskin Cesti,Austyn Kiwamitora,25000,1,2024-02-10T20:30:11.000Z,https://universalis.app/market/1688
5319,Beast Sinew,Ne Na,1225,3,2024-02-20T17:53:09.000Z,https://universalis.app/market/5319
1694,Spiked Knuckles,Astray Eclipse,25000,1,2024-02-23T19:17:31.000Z,https://universalis.app/market/1694
5072,Iron Plate,Myi' Ke,2000,2,2024-02-25T14:48:06.000Z,https://universalis.app/market/5072
1697,Toadskin Cesti,Delru Gerrik,20900,1,2024-02-18T20:53:31.000Z,https://universalis.app/market/1697
5280,Toad Leather,Azazel Blaze,4000,10,2024-02-07T08:45:41.000Z,https://universalis.app/market/5280
5320,Diremite Sinew,Xau Relanah,2200,42,2024-02-05T23:05:01.000Z,https://universalis.app/market/5320
1699,Steel Claws,Akagi Shirogane,3100,1,2024-02-04T05:16:30.000Z,https://universalis.app/market/1699
5073,Steel Plate,Ayleth Brightmoon,1400,4,2024-02-10T01:01:42.000Z,https://universalis.app/market/5073
1706,Crabshell Hora,Salamander Sam,6000,1,2024-02-15T23:59:02.000Z,https://universalis.app/market/1706
5321,Hippogryph Sinew,Yoko Taro,1000,6,2024-02-27T03:53:30.000Z,https://universalis.app/market/5321
5456,Green Megalocrab Shell,Myztic Quest,2000,1,2024-02-19T13:50:52.000Z,https://universalis.app/market/5456
1708,Boarskin Himantes,Zenith Gray,20000,1,2024-02-11T04:02:29.000Z,https://universalis.app/market/1708
1711,Mythril Claws,Rubicae Kinesel,30074,1,2024-02-12T21:40:46.000Z,https://universalis.app/market/1711
5079,Mythril Plate,Letra Stratus,5000,2,2024-02-10T19:14:25.000Z,https://universalis.app/market/5079
1716,Tortoiseshell Hora,Akagi Shirogane,9999,1,2024-02-11T22:20:26.000Z,https://universalis.app/market/1716
5322,Raptor Sinew,Azazel Blaze,1990,30,2024-02-07T16:04:31.000Z,https://universalis.app/market/5322
5458,Adamantoise Shell,Eva Eggyolk,975,10,2024-02-18T05:55:35.000Z,https://universalis.app/market/5458
1723,Cobalt Knuckles,Lentil Likethesoup,46111,1,2024-02-26T22:04:23.000Z,https://universalis.app/market/1723
1728,Peisteskin Cesti,Zeronius Sane,6003,1,2024-02-04T23:43:30.000Z,https://universalis.app/market/1728
5284,Peiste Leather,Reis Leone,990,3,2024-02-27T06:41:44.000Z,https://universalis.app/market/5284
5285,Raptor Leather,D'aladyu Yarhu,1000,10,2024-02-26T23:14:16.000Z,https://universalis.app/market/5285
1733,Cobalt Claws,Sigurd Snow-hair,38000,1,2024-02-23T14:58:28.000Z,https://universalis.app/market/1733
5074,Cobalt Plate,Puny Banner,5000,2,2024-02-14T01:21:40.000Z,https://universalis.app/market/5074
1736,Giantsgall Claws,Drakey Dragon,8164,1,2024-02-29T02:27:02.000Z,https://universalis.app/market/1736
1740,Wildling's Cesti,Wynd Willow,20130,1,2024-02-16T22:35:58.000Z,https://universalis.app/market/1740
10,Wind Crystal,Erilith Gorgana,301,389,2024-02-25T13:22:42.000Z,https://universalis.app/market/10
5567,Bloody Cesti Covers,Biggest Lalafell,2350,1,2024-02-05T20:35:48.000Z,https://universalis.app/market/5567
1743,Avengers,Nyanta Shiroe,2999,1,2024-02-05T17:56:32.000Z,https://universalis.app/market/1743
5378,Spruce Lumber,Jim Peters,5000,1,2024-02-24T00:51:11.000Z,https://universalis.app/market/5378
5571,Avenger Grips,Kayuza Yayreza,2121,1,2024-02-23T03:18:12.000Z,https://universalis.app/market/5571
1750,Bronze War Axe,Alya Octavia,905,1,2024-02-08T19:21:17.000Z,https://universalis.app/market/1750
1751,Bronze Labrys,Mana Dejiki,5999,1,2024-02-12T22:09:06.000Z,https://universalis.app/market/1751
1752,Cloud Axe,Sefi Asta,2008,1,2024-02-09T08:09:42.000Z,https://universalis.app/market/1752
1753,Spiked Bronze Labrys,Willo Ren,15000,1,2024-02-09T23:29:04.000Z,https://universalis.app/market/1753
1754,Iron War Axe,Soft Paws,3000,1,2024-02-19T08:08:28.000Z,https://universalis.app/market/1754
1756,Iron Labrys,Mel Skyppes,7816,1,2024-02-19T17:12:36.000Z,https://universalis.app/market/1756
1758,Inferno Axe,Catherine Stanley,700000,1,2024-02-27T06:10:06.000Z,https://universalis.app/market/1758
1764,Iron Bill,Cerwyn Cassidy,10000,1,2024-02-23T20:05:40.000Z,https://universalis.app/market/1764
4856,Clove Oil,Nightsleep Lover,499,1,2024-02-05T12:16:03.000Z,https://universalis.app/market/4856
5368,Yew Lumber,Kraureit Roreil,500,1,2024-02-16T00:13:47.000Z,https://universalis.app/market/5368
1766,Thunderstorm Axe,Melrit Brave,3000,1,2024-02-22T17:11:03.000Z,https://universalis.app/market/1766
5064,Silver Ingot,A'u Ou,4000,1,2024-02-04T07:31:52.000Z,https://universalis.app/market/5064
1769,Spiked Steel Labrys,Isilgeim Zirnundwyn,150000,1,2024-02-29T07:21:54.000Z,https://universalis.app/market/1769
1776,Steel Bardiche,Niviko Elusive,15000,1,2024-02-12T19:00:50.000Z,https://universalis.app/market/1776
5405,Yew Branch,Orla Mhin,600,2,2024-02-21T04:11:08.000Z,https://universalis.app/market/5405
1778,Steel Bhuj,Azazel Blaze,39999,1,2024-02-10T19:48:15.000Z,https://universalis.app/market/1778
1781,Spiked Mythril Labrys,Kastor Lastrad,34100,1,2024-02-19T16:17:50.000Z,https://universalis.app/market/1781
1786,Mythril Bhuj,Azazel Blaze,10700,1,2024-02-10T22:49:41.000Z,https://universalis.app/market/1786
1796,Buccaneer's Bardiche,Lentil Likethesoup,44444,1,2024-02-26T22:04:37.000Z,https://universalis.app/market/1796
5414,Rosewood Branch,Merinda Sunrider,300,10,2024-02-07T06:14:26.000Z,https://universalis.app/market/5414
1800,Vintage Bill,La Potato,30118,1,2024-02-22T13:24:52.000Z,https://universalis.app/market/1800
1771,Notched Bill,Finia Xavalien,6300,1,2024-02-28T00:12:59.000Z,https://universalis.app/market/1771
5196,Jadeite,Val Maerion,5000,2,2024-02-15T17:52:54.000Z,https://universalis.app/market/5196
1803,Spiked Cobalt Labrys,Niviko Elusive,49000,1,2024-03-01T19:10:49.000Z,https://universalis.app/market/1803
5376,Rosewood Lumber,Otoha Kannagi,4000,3,2024-02-12T23:29:26.000Z,https://universalis.app/market/5376
1806,Giantsgall War Axe,Kiet Djt-marouc,10000,1,2024-02-19T01:17:11.000Z,https://universalis.app/market/1806
1810,Barbarian's Bardiche,Tsunayoshi Isfish,99900,1,2024-02-18T23:09:01.000Z,https://universalis.app/market/1810
5566,Bloody Bardiche Head,Ms Eldari,2688,1,2024-02-15T00:45:53.000Z,https://universalis.app/market/5566
1813,Rampager,Hezzhanth Domar,9494,1,2024-02-19T18:03:22.000Z,https://universalis.app/market/1813
5075,Darksteel Plate,Maeva Raine,5300,1,2024-02-09T00:17:01.000Z,https://universalis.app/market/5075
5572,Rampager Head,Didrianna Winterset,1500,1,2024-02-04T02:40:11.000Z,https://universalis.app/market/5572
1820,Bone Harpoon,Soft Paws,5000,1,2024-02-11T00:25:00.000Z,https://universalis.app/market/1820
5503,Animal Glue,Noctis Shadowsong,2000,1,2024-02-05T15:57:47.000Z,https://universalis.app/market/5503
1821,Bronze Spear,Drogon Zaldrizes',8000,1,2024-02-06T12:56:27.000Z,https://universalis.app/market/1821
5482,Fish Oil,Akiko Shiduki,1000,29,2024-02-05T02:26:53.000Z,https://universalis.app/market/5482
1822,Ramhorn Harpoon,Eschina Blacke,2000,1,2024-02-04T23:07:05.000Z,https://universalis.app/market/1822
1823,Feathered Harpoon,Charmont Foixewesfv,5000,1,2024-02-12T09:00:11.000Z,https://universalis.app/market/1823
5352,Crow Feather,Azazel Blaze,3419,96,2024-02-06T15:31:05.000Z,https://universalis.app/market/5352
5433,Soiled Femur,Eley Lalafeley,100,1,2024-02-04T04:57:55.000Z,https://universalis.app/market/5433
1824,Brass Spear,V'hain Nunh,2500,1,2024-02-22T15:12:30.000Z,https://universalis.app/market/1824
1825,Iron Spear,Rin Azzy,1000,1,2024-02-16T03:33:33.000Z,https://universalis.app/market/1825
1827,Iron Lance,Romantic Comedy,20019,1,2024-02-10T18:44:26.000Z,https://universalis.app/market/1827
1833,Iron Guisarme,Lord Mogsworth,21000,1,2024-02-16T08:54:34.000Z,https://universalis.app/market/1833
1836,Silver Battle Fork,Finn Valentius,4030,1,2024-02-14T23:53:01.000Z,https://universalis.app/market/1836
5484,Crab Oil,Xau Relanah,9999,8,2024-02-05T21:55:52.000Z,https://universalis.app/market/5484
1838,Steel Halberd,Dart Stavros,10000,1,2024-02-09T04:17:33.000Z,https://universalis.app/market/1838
1845,Steel Spear,Grigori Kurogane,10000,1,2024-02-16T22:11:40.000Z,https://universalis.app/market/1845
1847,Heavy Steel Lance,Logan Fox,20062,1,2024-02-04T19:40:47.000Z,https://universalis.app/market/1847
1850,Yarzonshell Harpoon,Ishtara Moonsong,36345,1,2024-02-07T18:38:27.000Z,https://universalis.app/market/1850
5454,Yellow Yarzon Leg,Lavinia Atropos,200,1,2024-02-15T19:26:38.000Z,https://universalis.app/market/5454
1855,Mythril Lance,Moose Gascoigne,30000,1,2024-02-12T02:03:48.000Z,https://universalis.app/market/1855
1862,Cobalt Halberd,D'aladyu Yarhu,44444,1,2024-02-27T06:03:59.000Z,https://universalis.app/market/1862
1867,Cobalt Trident,Pink Hiko-sama,34000,1,2024-02-08T07:29:26.000Z,https://universalis.app/market/1867
5486,Shark Oil,E'lir Tia,5000,10,2024-02-04T01:29:10.000Z,https://universalis.app/market/5486
1871,Vintage Guisarme,Brave Sparrow,50000,1,2024-02-11T10:39:40.000Z,https://universalis.app/market/1871
9,Ice Crystal,Adoncia Hueras,101,360,2024-03-01T20:44:47.000Z,https://universalis.app/market/9
1840,Crooked Guisarme,Living Sky,8000,1,2024-02-04T02:30:23.000Z,https://universalis.app/market/1840
1875,Giantsgall Trident,Elysium Xaveriell,10000,1,2024-02-07T00:48:05.000Z,https://universalis.app/market/1875
1879,Champion's Lance,Rivia Clearwater,89800,1,2024-02-26T02:31:36.000Z,https://universalis.app/market/1879
5565,Bloody Lance Head,L'makano Qejeh,5000,1,2024-02-26T23:20:16.000Z,https://universalis.app/market/5565
1882,Obelisk,Khisanth Teralind,7899,1,2024-02-07T09:12:14.000Z,https://universalis.app/market/1882
5573,Obelisk Head,Kayuza Yayreza,2090,2,2024-02-23T03:19:40.000Z,https://universalis.app/market/5573
1891,Maple Shortbow,Asuna Mikate,2500,1,2024-02-18T01:27:27.000Z,https://universalis.app/market/1891
5333,Hempen Yarn,Aladaya Kha,388,1,2024-02-23T17:36:30.000Z,https://universalis.app/market/5333
1892,Maple Longbow,Teenie Moon,250,1,2024-02-22T01:40:40.000Z,https://universalis.app/market/1892
5396,Maple Branch,Ajna Lotus,111,53,2024-02-23T04:23:34.000Z,https://universalis.app/market/5396
1893,Plumed Maple Shortbow,Puddi Tatt,500,1,2024-02-04T04:00:40.000Z,https://universalis.app/market/1893
5351,Cock Feather,Tabius Korinthos,400,1,2024-02-28T16:14:46.000Z,https://universalis.app/market/5351
1894,Wrapped Maple Longbow,Evelyn Lefleur,327,1,2024-02-06T08:11:29.000Z,https://universalis.app/market/1894
5402,Ash Branch,Polli Cannoli,1000,3,2024-02-12T00:38:44.000Z,https://universalis.app/market/5402
1895,Ash Shortbow,Soft Paws,12000,1,2024-02-15T09:21:04.000Z,https://universalis.app/market/1895
1897,Elm Longbow,Puddi Tatt,10016,1,2024-02-04T08:05:39.000Z,https://universalis.app/market/1897
5334,Cotton Yarn,Fibit Lancaster,550001,1,2024-02-10T01:57:01.000Z,https://universalis.app/market/5334
1899,Elm Velocity Bow,Gabriel D'dragon,8021,1,2024-02-29T02:34:03.000Z,https://universalis.app/market/1899
1905,Wrapped Elm Longbow,Teenie Moon,5000,1,2024-02-18T18:34:19.000Z,https://universalis.app/market/1905
1908,Ash Composite Bow,Tuan Nguyen,14121,1,2024-02-20T13:13:28.000Z,https://universalis.app/market/1908
1915,Ash Cavalry Bow,Day Dreams,40000,1,2024-02-14T21:54:53.000Z,https://universalis.app/market/1915
5409,Oak Branch,Makota Valorae,500,10,2024-02-06T03:43:19.000Z,https://universalis.app/market/5409
1917,Oak Longbow,Agrael Cousland,39000,1,2024-02-06T19:03:54.000Z,https://universalis.app/market/1917
5336,Linen Yarn,Osric Dracht,1299,11,2024-02-12T01:58:00.000Z,https://universalis.app/market/5336
1920,Mythril Cavalry Bow,Blitz Creech,60000,1,2024-02-24T20:22:26.000Z,https://universalis.app/market/1920
1925,Oak Composite Bow,Kali Virac,36000,1,2024-02-15T05:53:00.000Z,https://universalis.app/market/1925
1932,Cobalt Cavalry Bow,Talicat Ashwood,20092,1,2024-02-09T03:45:58.000Z,https://universalis.app/market/1932
1937,Yew Longbow,Keiten Kurogane,49000,1,2024-02-04T01:04:12.000Z,https://universalis.app/market/1937
1941,Vintage Bow,Jenik Zika,8998,1,2024-02-13T22:08:13.000Z,https://universalis.app/market/1941
1910,Warped Bow,Living Sky,15000,1,2024-02-04T02:33:28.000Z,https://universalis.app/market/1910
1942,Crab Bow,S'llandre Flamh,50000,1,2024-02-04T23:30:02.000Z,https://universalis.app/market/1942
5462,Red Coral,Magdalena Bay,5000,1,2024-02-04T03:44:18.000Z,https://universalis.app/market/5462
1945,Giantsgall Longbow,Lianhua Skyreach,1500,1,2024-02-19T20:12:37.000Z,https://universalis.app/market/1945
1949,Longarm's Composite Bow,Izrea Meath,48400,1,2024-02-18T09:25:26.000Z,https://universalis.app/market/1949
5568,Bloody Bow Rim,Map Lock,4016,1,2024-02-24T21:29:19.000Z,https://universalis.app/market/5568
1953,Sarnga,Nyanta Shiroe,5165,1,2024-02-05T19:26:10.000Z,https://universalis.app/market/1953
15,Ice Cluster,Snowraven Fairwind,90,500,2024-02-27T18:47:40.000Z,https://universalis.app/market/15
16,Wind Cluster,Kiryuin Satsuki,320,500,2024-02-26T14:24:26.000Z,https://universalis.app/market/16
5574,Sarnga Limb,Didrianna Winterset,2024,2,2024-02-04T02:40:26.000Z,https://universalis.app/market/5574
1958,Maple Wand,Eley Lalafeley,5000,1,2024-02-04T04:58:56.000Z,https://universalis.app/market/1958
6,Lightning Shard,Caleb Sapphire,200,10,2024-02-14T03:38:32.000Z,https://universalis.app/market/6
7,Water Shard,Drew Devorna,100,20,2024-02-04T07:33:29.000Z,https://universalis.app/market/7
5470,Growth Formula Alpha,Hydira Veltryx,5000,3,2024-02-16T19:38:49.000Z,https://universalis.app/market/5470
1959,Whispering Maple Wand,Riven Zatoshi,30000,1,2024-02-15T04:01:18.000Z,https://universalis.app/market/1959
1960,Budding Maple Wand,Rin Azzy,10498,1,2024-02-19T23:32:23.000Z,https://universalis.app/market/1960
5492,Beastkin Blood,Ms Eldari,999,3,2024-02-26T20:48:55.000Z,https://universalis.app/market/5492
1961,Ash Wand,Wren Rosicrux,12499,1,2024-02-13T12:02:58.000Z,https://universalis.app/market/1961
5471,Growth Formula Beta,Alric Faulkner,3999,2,2024-02-25T02:54:44.000Z,https://universalis.app/market/5471
1963,Budding Ash Wand,Yuri Fujiwara,15000,1,2024-02-12T03:24:00.000Z,https://universalis.app/market/1963
1965,Whispering Ash Wand,Grass Cake,13024,1,2024-02-21T05:51:24.000Z,https://universalis.app/market/1965
5493,Scalekin Blood,Missy Cayden,2600,2,2024-02-10T23:50:24.000Z,https://universalis.app/market/5493
1967,Yew Wand,Z'uan Nyx,6000,1,2024-02-08T01:10:17.000Z,https://universalis.app/market/1967
1969,Budding Yew Wand,Stinkin' Lyncoln,12042,1,2024-02-10T00:58:10.000Z,https://universalis.app/market/1969
1971,Budding Oak Wand,Elowyn Wolf,40050,1,2024-02-20T00:25:23.000Z,https://universalis.app/market/1971
4603,Hi-Potion of Mind,Cloudy Mercer,1000,1,2024-02-28T09:00:47.000Z,https://universalis.app/market/4603
1974,Wand of Frost,Elehayym Kaslana,18000,1,2024-02-12T23:44:18.000Z,https://universalis.app/market/1974
5199,Eye of Ice,Mizuki Rhiki,35,1,2024-02-08T20:15:36.000Z,https://universalis.app/market/5199
5472,Growth Formula Gamma,Mika Kitt,2400,2,2024-02-10T23:36:10.000Z,https://universalis.app/market/5472
1976,Wand of Tremors,Sigurd Snow-hair,45000,1,2024-02-18T14:57:45.000Z,https://universalis.app/market/1976
5201,Eye of Earth,Veezra Silksong,8000,1,2024-02-07T03:12:44.000Z,https://universalis.app/market/5201
1978,Wand of Tides,Tulth Mystflame,45000,1,2024-02-17T01:41:49.000Z,https://universalis.app/market/1978
5203,Eye of Water,Lucio Dossantos,95,2,2024-02-29T03:14:20.000Z,https://universalis.app/market/5203
1981,Wand of Flames,Zelda Faye,9000,1,2024-02-12T17:21:16.000Z,https://universalis.app/market/1981
5198,Eye of Fire,Reede Djt-dvre,58000,1,2024-02-11T21:30:24.000Z,https://universalis.app/market/5198
1983,Wand of Gales,Iona Callon,19900,1,2024-02-05T01:50:01.000Z,https://universalis.app/market/1983
5200,Eye of Wind,Reis Leone,4001,1,2024-02-27T06:42:10.000Z,https://universalis.app/market/5200
1985,Wand of Storms,Riven Nova,18799,1,2024-02-11T03:16:30.000Z,https://universalis.app/market/1985
5202,Eye of Lightning,Orla Mhin,30,1,2024-02-06T17:03:45.000Z,https://universalis.app/market/5202
1987,Budding Rosewood Wand,Umbra Tajin,59999,1,2024-02-09T15:17:56.000Z,https://universalis.app/market/1987
4608,Mega-Potion of Mind,Anador Tsunareada,17000,1,2024-02-24T09:40:10.000Z,https://universalis.app/market/4608
5494,Spoken Blood,Myztic Quest,5000,2,2024-02-18T13:45:30.000Z,https://universalis.app/market/5494
1996,Maple Cane,Cerwyn Cassidy,1000,1,2024-02-09T21:17:36.000Z,https://universalis.app/market/1996
1997,Maple Crook,Azazel Blaze,5000,1,2024-02-07T06:49:48.000Z,https://universalis.app/market/1997
1998,Ash Radical,Veis Thunderstruck,22000,1,2024-02-10T13:23:52.000Z,https://universalis.app/market/1998
2000,Elm Cane,Soft Paws,50000,1,2024-02-16T01:55:30.000Z,https://universalis.app/market/2000
2002,Elm Crook,Skyfox Asura,2499,1,2024-02-26T20:15:02.000Z,https://universalis.app/market/2002
2004,Yew Radical,Rin Azzy,50000,1,2024-02-24T20:05:36.000Z,https://universalis.app/market/2004
2010,Pastoral Yew Cane,Apollo Fugue,20026,1,2024-02-05T18:22:36.000Z,https://universalis.app/market/2010
2011,Yew Crook,Riven Zatoshi,5000,1,2024-02-25T08:42:05.000Z,https://universalis.app/market/2011
2015,Walnut Cane,Shize Hilkos,29000,1,2024-02-19T09:49:21.000Z,https://universalis.app/market/2015
2021,Plumed Yew Crook,June Cervantes,21000,1,2024-02-12T06:46:17.000Z,https://universalis.app/market/2021
2023,Oak Radical,Ariane Musarose,10059,1,2024-02-27T14:43:18.000Z,https://universalis.app/market/2023
2026,Pastoral Oak Cane,Day Dreams,44999,1,2024-02-16T20:25:06.000Z,https://universalis.app/market/2026
2030,Sprouting Rosewood Radical,Riley Sparks,69990,1,2024-02-17T03:45:55.000Z,https://universalis.app/market/2030
2039,Jade Crook,Himiko Mahoukon,38099,1,2024-02-14T00:07:02.000Z,https://universalis.app/market/2039
2041,Vintage Cane,Rimitsu Wintersoul,55555,1,2024-02-26T04:19:35.000Z,https://universalis.app/market/2041
2014,Splintered Cane,Frey Wargmaw,15000,1,2024-02-07T01:46:17.000Z,https://universalis.app/market/2014
2044,Pastoral Mahogany Cane,Lusserina Vul,30114,1,2024-02-05T22:08:26.000Z,https://universalis.app/market/2044
5335,Dew Thread,Azazel Blaze,9999,99,2024-02-04T22:00:15.000Z,https://universalis.app/market/5335
2047,Tane Mahuta,Orla Mhin,48000,1,2024-02-21T05:57:06.000Z,https://universalis.app/market/2047
5555,Ochu Vine,Libertus Ostium,1199,3,2024-02-18T18:09:55.000Z,https://universalis.app/market/5555
2048,Giantsgall Cane,Riven Nova,15000,1,2024-02-11T03:20:50.000Z,https://universalis.app/market/2048
7585,Mossy Stone Rod,Angela Pureheart,74,1,2024-03-01T21:00:26.000Z,https://universalis.app/market/7585
2049,Madman's Whispering Rod,Aleks Inazu,39999,1,2024-03-01T00:02:10.000Z,https://universalis.app/market/2049
12,Lightning Crystal,Aryian Cosmic,175,55,2024-02-06T20:07:22.000Z,https://universalis.app/market/12
13,Water Crystal,Alistair Siegfried,175,55,2024-02-10T11:37:17.000Z,https://universalis.app/market/13
5473,Growth Formula Delta,Shiro Zo,3300,1,2024-02-21T05:37:06.000Z,https://universalis.app/market/5473
5537,Thavnairian Mistletoe,Taren Yaeger,400,32,2024-02-04T03:11:01.000Z,https://universalis.app/market/5537
5547,Vampire Plant,Mariska Divine,300,4,2024-02-15T02:51:40.000Z,https://universalis.app/market/5547
2051,Alkalurops,Briar Light,10000,1,2024-02-22T10:25:32.000Z,https://universalis.app/market/2051
5575,Suspended Trillium Flower,Mizuki Rhiki,2396,1,2024-02-08T21:40:04.000Z,https://universalis.app/market/5575
2056,Bone Brand,Tomie Shmayluk,19700,1,2024-02-14T17:23:43.000Z,https://universalis.app/market/2056
5197,Marbled Eye,Dyan Zzarzy,500,3,2024-02-19T11:43:08.000Z,https://universalis.app/market/5197
2057,Copper Scepter,Shadow Kuro,5000,1,2024-02-05T01:39:12.000Z,https://universalis.app/market/2057
5062,Copper Ingot,Astray Eclipse,450,7,2024-02-19T17:28:08.000Z,https://universalis.app/market/5062
2058,Bronze Scepter,Shadow Kuro,5000,1,2024-02-06T20:20:37.000Z,https://universalis.app/market/2058
2059,Brass Cudgel,Caseyo Abbacchio,1000,1,2024-02-13T01:35:40.000Z,https://universalis.app/market/2059
2061,Decorated Copper Scepter,Heals Onwheels,16995,1,2024-02-07T17:09:14.000Z,https://universalis.app/market/2061
5258,Ragstone Whetstone,Rosa Inthepark,150,1,2024-02-12T04:22:45.000Z,https://universalis.app/market/5258
2063,Wind Brand,Riven Zatoshi,18000,1,2024-02-19T15:48:39.000Z,https://universalis.app/market/2063
2066,Ice Brand,Janai Keyes,3000,1,2024-02-05T19:20:43.000Z,https://universalis.app/market/2066
2069,Silver Scepter,Korbin Volffen,2000,1,2024-02-06T17:31:20.000Z,https://universalis.app/market/2069
5527,Brimstone,Iintodah Spiedevers,2500,2,2024-02-05T02:04:44.000Z,https://universalis.app/market/5527
2071,Earth Brand,Delru Gerrik,24000,1,2024-02-15T10:56:49.000Z,https://universalis.app/market/2071
2076,Decorated Silver Scepter,Mona Lolimage,10000,1,2024-03-01T01:17:48.000Z,https://universalis.app/market/2076
2078,Fire Brand,Catra Etheria,27000,1,2024-02-17T16:17:53.000Z,https://universalis.app/market/2078
2083,Lightning Brand,Rio Tora,397,1,2024-02-12T00:56:55.000Z,https://universalis.app/market/2083
2088,Electrum Scepter,Jezzabell Jinx,1798,1,2024-02-10T05:53:45.000Z,https://universalis.app/market/2088
5489,Quicksilver,Caleb Sapphire,1000,6,2024-02-14T03:34:55.000Z,https://universalis.app/market/5489
2093,Vintage Cudgel,Hayden Targaryen,10000,1,2024-02-17T18:07:18.000Z,https://universalis.app/market/2093
2068,Damaged Cudgel,Cyprian Silverclaw,250,1,2024-02-13T21:47:20.000Z,https://universalis.app/market/2068
5092,Iron Rivets,Niko Mctizic,2000,1,2024-02-10T18:59:25.000Z,https://universalis.app/market/5092
2094,Water Brand,Celia Leingod,4999,1,2024-02-24T04:23:00.000Z,https://universalis.app/market/2094
2097,Jade Scepter,Ladybug Kay,2001,1,2024-02-04T03:48:04.000Z,https://universalis.app/market/2097
5168,Jade,Hamburger Help-me,1111,10,2024-02-10T03:53:46.000Z,https://universalis.app/market/5168
5439,Ogre Horn,Map Lock,150,1,2024-02-25T04:30:00.000Z,https://universalis.app/market/5439
2102,Sanguine Scepter,Almighty Poocharoo,105000,1,2024-02-26T03:34:20.000Z,https://universalis.app/market/2102
5206,Pinprick Pebble,Pi'ina Keiki,75,1,2024-02-10T00:08:27.000Z,https://universalis.app/market/5206
2106,Bone Staff,A'vanoh Draxtor,4999,1,2024-02-09T20:46:26.000Z,https://universalis.app/market/2106
2107,Ramhorn Staff,Z'uan Nyx,19999,1,2024-02-12T10:57:48.000Z,https://universalis.app/market/2107
2108,Decorated Bone Staff,Rin Azzy,1709,1,2024-02-16T03:32:41.000Z,https://universalis.app/market/2108
5442,Bat Fang,Lorelei Serris,688888,1,2024-02-04T04:00:08.000Z,https://universalis.app/market/5442
2109,Toothed Ramhorn Staff,Shin Black,3500,1,2024-02-25T01:34:45.000Z,https://universalis.app/market/2109
2111,Staghorn Staff,Blind Witness,20021,1,2024-02-12T08:08:05.000Z,https://universalis.app/market/2111
2116,Sanguine Horn Staff,Shuna Maki,2995,1,2024-02-26T16:55:20.000Z,https://universalis.app/market/2116
2118,Toothed Staghorn Staff,Day Dreams,7499,1,2024-02-23T22:10:35.000Z,https://universalis.app/market/2118
2121,Goathorn Staff,Superaerial Ace,3994,1,2024-02-05T19:54:34.000Z,https://universalis.app/market/2121
2123,Toothed Goathorn Staff,Bunana Bread,5000,1,2024-02-18T13:19:45.000Z,https://universalis.app/market/2123
2125,Horn Staff,Naowl Kress,48000,1,2024-02-19T01:38:37.000Z,https://universalis.app/market/2125
2130,Black Horn Staff,Trishana O'mogson,7500,1,2024-02-12T21:10:17.000Z,https://universalis.app/market/2130
2133,Ivory Staff,Azazel Blaze,42000,1,2024-02-08T05:19:24.000Z,https://universalis.app/market/2133
2136,Giantsgall Longstaff,Nyanta Shiroe,9999,1,2024-02-05T19:20:06.000Z,https://universalis.app/market/2136
2139,Astrolabe,Meow Tea,9500,1,2024-02-21T02:57:21.000Z,https://universalis.app/market/2139
5576,Astrolabe Clinometer,Didrianna Winterset,2000,2,2024-02-15T03:47:14.000Z,https://universalis.app/market/5576
2143,Leather Grimoire,Alexandra Kedves,50000,1,2024-02-05T21:18:39.000Z,https://universalis.app/market/2143
5380,Maple Log,Archangel Azryil,222,2,2024-02-18T22:15:52.000Z,https://universalis.app/market/5380
5475,Enchanted Copper Ink,Mumuko Muko,1000,1,2024-02-19T02:57:49.000Z,https://universalis.app/market/5475
2144,Maple Picatrix,Hydira Veltryx,9500,1,2024-02-18T03:50:42.000Z,https://universalis.app/market/2144
2145,Engraved Leather Grimoire,Sakyo Kaifu,9999,1,2024-02-06T22:57:41.000Z,https://universalis.app/market/2145
5383,Ash Log,Shady Acie,797,99,2024-02-28T00:52:32.000Z,https://universalis.app/market/5383
2146,Ash Picatrix,Veis Thunderstruck,7000,1,2024-02-10T13:26:04.000Z,https://universalis.app/market/2146
2147,Hard Leather Grimoire,Riven Zatoshi,40014,1,2024-02-23T01:07:55.000Z,https://universalis.app/market/2147
5385,Elm Log,Grifter Decker,499,99,2024-02-12T12:37:24.000Z,https://universalis.app/market/5385
5476,Enchanted Iron Ink,Drakey Dragon,3000,2,2024-02-22T22:56:05.000Z,https://universalis.app/market/5476
2149,Engraved Hard Leather Grimoire,Azazel Blaze,19999,1,2024-02-06T18:07:17.000Z,https://universalis.app/market/2149
5386,Yew Log,Violet Myst,1000,10,2024-02-09T03:34:11.000Z,https://universalis.app/market/5386
2151,Yew Picatrix,Fiji Miiniji,7024,1,2024-02-28T23:44:55.000Z,https://universalis.app/market/2151
2156,Goatskin Grimoire,Z'uan Nyx,30000,1,2024-02-06T23:26:35.000Z,https://universalis.app/market/2156
5477,Enchanted Silver Ink,Lorahsande Banehene,10000,2,2024-02-08T11:47:29.000Z,https://universalis.app/market/5477
2160,Engraved Goatskin Grimoire,Honest Evil,18000,1,2024-02-10T02:28:31.000Z,https://universalis.app/market/2160
5388,Walnut Log,Biggest Lalafell,500,7,2024-02-14T01:56:58.000Z,https://universalis.app/market/5388
2166,Book of Silver,Z'uan Nyx,19900,1,2024-02-12T10:58:28.000Z,https://universalis.app/market/2166
5390,Oak Log,Xau Relanah,485,36,2024-02-05T22:05:27.000Z,https://universalis.app/market/5390
2169,Embossed Book of Silver,Momoka Sayuri,10999,1,2024-02-11T12:06:52.000Z,https://universalis.app/market/2169
2174,Book of Mythril,Cy Lander,20000,1,2024-02-22T03:13:53.000Z,https://universalis.app/market/2174
5346,Flax,Rok Da'mian,500,8,2024-03-02T21:09:00.000Z,https://universalis.app/market/5346
5478,Enchanted Mythril Ink,Anador Tsunareada,1800,1,2024-02-06T05:44:53.000Z,https://universalis.app/market/5478
2184,Vintage Picatrix,Kiko Venuswater,29900,1,2024-02-29T07:46:11.000Z,https://universalis.app/market/2184
2158,Brittle Picatrix,Lycoris Lunaris,4900,1,2024-02-07T18:31:44.000Z,https://universalis.app/market/2158
2185,Book of Electrum,Brandt Lyonhart,19800,1,2024-02-04T05:24:46.000Z,https://universalis.app/market/2185
5337,Woolen Yarn,Ravina Reoul,9000,1,2024-02-17T03:52:32.000Z,https://universalis.app/market/5337
5393,Rosewood Log,Sai Hattori,500,15,2024-02-21T02:42:11.000Z,https://universalis.app/market/5393
5479,Enchanted Electrum Ink,Kona Kuzakari,1500,1,2024-02-24T23:43:34.000Z,https://universalis.app/market/5479
2189,Embossed Book of Electrum,Wandering Thunder,49000,1,2024-02-16T21:02:04.000Z,https://universalis.app/market/2189
2193,Cantamina Thavnaria,Qian Qiu,6165,1,2024-02-10T07:02:39.000Z,https://universalis.app/market/2193
5481,Enchanted Rose Gold Ink,Zieg Dantel,9996,2,2024-02-06T08:11:28.000Z,https://universalis.app/market/5481
2194,Medica Thavnaria,Gale De'karios,3500,1,2024-02-17T01:49:06.000Z,https://universalis.app/market/2194
7587,Faded Tome,Visar Vi,149,1,2024-02-04T03:52:31.000Z,https://universalis.app/market/7587
2201,Erudite's Picatrix of Healing,Ehl'tee Es,49699,1,2024-02-04T09:07:35.000Z,https://universalis.app/market/2201
5480,Enchanted Gold Ink,Hexzaros Rayne,5500,2,2024-02-13T09:59:38.000Z,https://universalis.app/market/5480
5569,Bloody Grimoire Binding,Didrianna Winterset,2000,2,2024-02-04T02:40:01.000Z,https://universalis.app/market/5569
2202,Erudite's Picatrix of Casting,Valgrod Deldonath,86842,1,2024-02-20T22:09:41.000Z,https://universalis.app/market/2202
2211,Deus Ex Verbis,Gale De'karios,2090,1,2024-02-11T16:02:55.000Z,https://universalis.app/market/2211
5338,Silk Thread,Exeo Ryoth,5000,1,2024-02-05T00:42:47.000Z,https://universalis.app/market/5338
2212,Deus Ex Gratia,Aly Non,17999,1,2024-02-29T20:35:20.000Z,https://universalis.app/market/2212
2219,Square Maple Shield,Tuan Nguyen,1800,1,2024-02-04T20:17:20.000Z,https://universalis.app/market/2219
5091,Bronze Rivets,Hummus Enjoyer,1000,1,2024-03-01T09:53:30.000Z,https://universalis.app/market/5091
12524,Titanium Nugget,Rick Qt,9500,14,2024-02-04T05:15:17.000Z,https://universalis.app/market/12524
12529,Titanium Rivets,Lux Sol,5999,1,2024-02-20T03:54:43.000Z,https://universalis.app/market/12529
12658,Dusk Leather,Nyanta Shiroe,450000,1,2024-02-04T02:35:29.000Z,https://universalis.app/market/12658
2226,Bronze Hoplon,Ain Larkspur,14000000,1,2024-02-21T14:48:30.000Z,https://universalis.app/market/2226
5071,Bronze Plate,Sefi Asta,1000,3,2024-02-09T08:35:52.000Z,https://universalis.app/market/5071
2228,Round Shield,Shinobi Kaiyo,20000000,1,2024-02-17T09:38:23.000Z,https://universalis.app/market/2228
2229,Leather Targe,Njtovi Olafur,526,1,2024-02-15T04:26:17.000Z,https://universalis.app/market/2229
2230,Bronze Scutum,Turnon Tankstance,7104,1,2024-02-05T17:02:54.000Z,https://universalis.app/market/2230
2231,Bronze Buckler,Coco Mora,20000,1,2024-02-05T23:39:22.000Z,https://universalis.app/market/2231
2233,Square Ash Shield,Ime Tachibana,344,1,2024-02-11T19:46:46.000Z,https://universalis.app/market/2233
2236,Iron Hoplon,Kosame Amagai,50006,1,2024-02-28T22:34:24.000Z,https://universalis.app/market/2236
2238,Vintage Square Shield,Everly Nightingale,38000,1,2024-02-19T08:35:17.000Z,https://universalis.app/market/2238
2224,Worm-eaten Square Shield,Opal Owl,1015,1,2024-02-16T05:16:04.000Z,https://universalis.app/market/2224
4859,Cider Vinegar,Taco Connoisseur,399,4,2024-02-15T00:26:40.000Z,https://universalis.app/market/4859
2239,Ironclad Bronze Buckler,Fenrir Stormbringer,50000,1,2024-02-12T04:09:25.000Z,https://universalis.app/market/2239
2241,Iron Lantern Shield,Noble Maximus,40000,1,2024-02-06T04:56:50.000Z,https://universalis.app/market/2241
5998,Tallow Candle,Celaena Golmarr,5000,1,2024-02-11T03:50:25.000Z,https://universalis.app/market/5998
2242,Iron Scutum,Rin Azzy,5008,1,2024-02-24T20:05:26.000Z,https://universalis.app/market/2242
2244,Vintage Hoplon,Milenko Ronso,8000,1,2024-02-11T08:28:02.000Z,https://universalis.app/market/2244
2225,Tarnished Hoplon,Abagail Smithy,1015,1,2024-02-17T01:24:55.000Z,https://universalis.app/market/2225
2246,Viper-crested Round Shield,Lilith Diabolus,3000,1,2024-02-23T22:30:41.000Z,https://universalis.app/market/2246
2248,Iron Kite Shield,Tazriel Waltz,3000,1,2024-02-20T01:17:29.000Z,https://universalis.app/market/2248
2250,Goatskin Targe,Sumire Tenshi,10000,1,2024-02-27T16:45:19.000Z,https://universalis.app/market/2250
5093,Steel Rivets,Annabelle Sinclaw,5000,25,2024-02-13T20:49:35.000Z,https://universalis.app/market/5093
2257,Bull Hoplon,Uni Sakura,15000,1,2024-02-05T20:44:57.000Z,https://universalis.app/market/2257
2260,Decorated Buckler,Jondyl Callux,13019,1,2024-02-04T23:48:06.000Z,https://universalis.app/market/2260
2262,Decorated Iron Scutum,Menphina's Sky,15023,1,2024-02-17T23:43:37.000Z,https://universalis.app/market/2262
2227,Notched Buckler,Ganondorf Demonking,10000,1,2024-02-09T21:53:55.000Z,https://universalis.app/market/2227
2268,Bladed Lantern Shield,Aelin Silmarien,15000,1,2024-02-15T03:51:12.000Z,https://universalis.app/market/2268
2270,Raptorskin Targe,S'llandre Flamh,40000,1,2024-02-06T00:04:31.000Z,https://universalis.app/market/2270
5099,Mythril Rivets,Sunrise Lockhart,3579,50,2024-02-27T01:53:30.000Z,https://universalis.app/market/5099
2278,Vintage Scutum,Leon Husbundo,10000,1,2024-02-24T04:21:30.000Z,https://universalis.app/market/2278
2232,Rusting Scutum,Map Lock,10000,1,2024-02-25T00:25:47.000Z,https://universalis.app/market/2232
5094,Cobalt Rivets,Maeva Raine,2300,99,2024-02-08T16:56:19.000Z,https://universalis.app/market/5094
2287,Eagle-crested Round Shield,Alix Whit,7000,1,2024-02-11T02:40:58.000Z,https://universalis.app/market/2287
2289,Vintage Round Shield,Heals Onwheels,445,1,2024-02-04T20:51:54.000Z,https://universalis.app/market/2289
5228,Ragstone,Sweet Justice,200,1,2024-02-12T23:54:16.000Z,https://universalis.app/market/5228
5517,Lanolin,Yuul Tah,300,10,2024-02-15T18:49:48.000Z,https://universalis.app/market/5517
2294,Kite Shield,Kai Kuhn,3000,1,2024-02-24T18:56:23.000Z,https://universalis.app/market/2294
2296,Cobalt Bladed Lantern Shield,Claire Wolfwind,20000,1,2024-02-08T05:05:43.000Z,https://universalis.app/market/2296
2298,Oxblood Targe,Azazel Blaze,21052,1,2024-02-09T05:30:47.000Z,https://universalis.app/market/2298
2259,Scarred Kite Shield,Jenni Code,25,1,2024-02-28T01:34:59.000Z,https://universalis.app/market/2259
2302,Darksteel Scutum,Drakey Dragon,9455,1,2024-02-29T02:14:45.000Z,https://universalis.app/market/2302
5060,Darksteel Ingot,Amelia Roseblood,45000,1,2024-02-13T00:38:24.000Z,https://universalis.app/market/5060
5095,Darksteel Rivets,Maeva Raine,5000,40,2024-02-09T00:15:55.000Z,https://universalis.app/market/5095
2303,Darksteel Buckler,Leo Knightus,2999,1,2024-02-15T10:16:09.000Z,https://universalis.app/market/2303
2304,Spruce Round Shield,Dumbalex Healsyou,1555,1,2024-02-20T17:25:43.000Z,https://universalis.app/market/2304
5379,Treated Spruce Lumber,Eliyas Krone,59599,1,2024-02-15T02:37:21.000Z,https://universalis.app/market/5379
2315,Bronze Saw,Arfur Foulkesaycke,1990,1,2024-02-25T00:36:51.000Z,https://universalis.app/market/2315
2318,Initiate's Saw,Vermili Heartwright,4997,1,2024-02-14T02:32:55.000Z,https://universalis.app/market/2318
2319,Bas-relief Iron Saw,Z'uan Nyx,68000,1,2024-02-15T00:59:09.000Z,https://universalis.app/market/2319
2320,Iron Chocobotail Saw,Layla Leifur,937,1,2024-02-15T03:11:25.000Z,https://universalis.app/market/2320
2321,Bas-relief Steel Saw,Gisela Westlake,12050,1,2024-02-15T20:16:19.000Z,https://universalis.app/market/2321
2322,Crosscut Saw,Koya Qerel,21000,1,2024-02-17T11:35:03.000Z,https://universalis.app/market/2322
2323,Mythril Saw,Nnyx Anneth,40000,1,2024-02-12T09:24:03.000Z,https://universalis.app/market/2323
2324,Mythril Chocobotail Saw,Raven Auran,16590,1,2024-02-06T01:03:18.000Z,https://universalis.app/market/2324
2325,Bas-relief Cobalt Saw,Ri Kkore,20000,1,2024-02-12T00:35:57.000Z,https://universalis.app/market/2325
2329,Bronze Claw Hammer,Rin Azzy,894,1,2024-02-08T00:32:24.000Z,https://universalis.app/market/2329
2331,Iron Claw Hammer,Elextri Natmi,50000,1,2024-02-12T19:12:47.000Z,https://universalis.app/market/2331
5483,Jellyfish Humours,T'zolah Nunh,602,2,2024-02-27T00:53:56.000Z,https://universalis.app/market/5483
2332,Initiate's Claw Hammer,Cerwyn Cassidy,4999,1,2024-02-25T19:51:54.000Z,https://universalis.app/market/2332
2334,Steel Claw Hammer,Kitteh Darwin,7000,1,2024-02-09T11:42:20.000Z,https://universalis.app/market/2334
2335,Wrapped Steel Claw Hammer,King Bucket,15059,1,2024-02-18T20:37:07.000Z,https://universalis.app/market/2335
5485,Linseed Oil,Alric Faulkner,4000,4,2024-02-25T02:49:52.000Z,https://universalis.app/market/5485
2338,Cobalt Claw Hammer,Adia Amaya,33000,1,2024-02-06T04:54:06.000Z,https://universalis.app/market/2338
2339,Militia Claw Hammer,Noah Hunt,50000,1,2024-02-20T00:21:38.000Z,https://universalis.app/market/2339
2341,Bronze Cross-pein Hammer,Bim Danglefield,10005,1,2024-02-07T00:51:46.000Z,https://universalis.app/market/2341
2342,Amateur's Cross-pein Hammer,Z'uan Nyx,2979,1,2024-02-13T13:27:25.000Z,https://universalis.app/market/2342
2343,Birdsbeak Hammer,Bim Danglefield,1000,1,2024-02-17T17:05:26.000Z,https://universalis.app/market/2343
5325,Undyed Cotton Cloth,Ravyn Thurnstone,2500,2,2024-02-19T06:22:09.000Z,https://universalis.app/market/5325
2344,Iron Cross-pein Hammer,Whiter Knight,40000,1,2024-02-06T23:11:02.000Z,https://universalis.app/market/2344
2345,Initiate's Cross-pein Hammer,Niviko Elusive,10000,1,2024-02-09T22:10:38.000Z,https://universalis.app/market/2345
2346,Crowsbeak Hammer,Winter Vermillion,15000,1,2024-02-18T18:21:19.000Z,https://universalis.app/market/2346
2347,Heavy Crowsbeak Hammer,Kosame Amagai,9996,1,2024-02-27T07:52:35.000Z,https://universalis.app/market/2347
2348,Steel Cross-pein Hammer,Eley Lalafeley,7057,1,2024-02-21T02:15:00.000Z,https://universalis.app/market/2348
5326,Undyed Velveteen,Meringue Vanille,3998,3,2024-02-28T05:40:24.000Z,https://universalis.app/market/5326
2349,Steel Crowsbeak Hammer,Agrael Cousland,11111,1,2024-02-06T19:47:44.000Z,https://universalis.app/market/2349
2350,Wrapped Crowsbeak Hammer,Kadima Ehrgeiz,44444,1,2024-02-25T13:27:49.000Z,https://universalis.app/market/2350
2351,Cobalt Cross-pein Hammer,Talla Dega,66666,1,2024-02-19T15:44:31.000Z,https://universalis.app/market/2351
2355,Amateur's File,Redeaux Gyojo,3000,1,2024-02-27T01:40:30.000Z,https://universalis.app/market/2355
2356,Bronze File,Zacharius Saerion,1000,1,2024-02-04T23:44:57.000Z,https://universalis.app/market/2356
2358,Iron File,Elextri Natmi,10000,1,2024-02-12T20:19:07.000Z,https://universalis.app/market/2358
2359,Initiate's File,Catrina Kitty,10031,1,2024-02-11T20:39:44.000Z,https://universalis.app/market/2359
2361,Steel File,Redeyes Blackdragon,19250,1,2024-02-23T18:40:42.000Z,https://universalis.app/market/2361
2363,Mythril File,Kami Kichi,39000,1,2024-02-06T20:38:52.000Z,https://universalis.app/market/2363
2364,Cobalt File,Dermot Elakha,25000,1,2024-02-06T00:38:26.000Z,https://universalis.app/market/2364
2365,Militia File,Akari Sara,50000,1,2024-02-18T08:48:46.000Z,https://universalis.app/market/2365
2367,Bronze Doming Hammer,Exodus Calibur,198,1,2024-02-20T21:39:17.000Z,https://universalis.app/market/2367
2368,Amateur's Doming Hammer,Anima Shu,4978,1,2024-02-05T06:42:26.000Z,https://universalis.app/market/2368
2369,Bronze Raising Hammer,Komachi Onozuka,20011,1,2024-02-08T17:17:48.000Z,https://universalis.app/market/2369
2370,Iron Doming Hammer,Namaya Mynral,5998,1,2024-02-16T03:38:34.000Z,https://universalis.app/market/2370
2371,Initiate's Doming Hammer,Niviko Elusive,13000,1,2024-02-09T22:11:07.000Z,https://universalis.app/market/2371
2372,Iron Raising Hammer,Willow Rivers,10000,1,2024-02-17T18:14:11.000Z,https://universalis.app/market/2372
2373,Wrapped Iron Raising Hammer,Rykku Arkwright,700,1,2024-02-22T03:25:06.000Z,https://universalis.app/market/2373
2374,Steel Doming Hammer,Ryteor Vannes,40000,1,2024-02-23T02:57:57.000Z,https://universalis.app/market/2374
2375,Steel Raising Hammer,Hjek Wolt,25074,1,2024-02-13T00:35:16.000Z,https://universalis.app/market/2375
2376,Cobalt Doming Hammer,Miles Bishop,3997,1,2024-02-17T20:19:06.000Z,https://universalis.app/market/2376
2377,Cobalt Raising Hammer,Saheeli Rai,100110,1,2024-02-27T01:51:35.000Z,https://universalis.app/market/2377
2380,Amateur's Pliers,Mango Sundae,3000,1,2024-02-18T23:46:17.000Z,https://universalis.app/market/2380
2381,Bronze Pliers,Komachi Onozuka,450,1,2024-02-08T17:17:41.000Z,https://universalis.app/market/2381
2383,Iron Pliers,Kydo Viridis,15000,1,2024-02-07T02:41:38.000Z,https://universalis.app/market/2383
2384,Initiate's Pliers,Akari Tyatu,3000,1,2024-02-20T01:25:11.000Z,https://universalis.app/market/2384
2386,Steel Pliers,Maddy Starweaver,9000,1,2024-02-07T12:36:12.000Z,https://universalis.app/market/2386
2389,Cobalt Pliers,Kosame Amagai,40000,1,2024-02-28T00:22:01.000Z,https://universalis.app/market/2389
2390,Militia Pliers,Syhrbryda Lyngmynawyn,45000,1,2024-02-29T02:00:35.000Z,https://universalis.app/market/2390
2392,Bronze Chaser Hammer,Rokuyari Malaguld,199,1,2024-02-06T21:58:48.000Z,https://universalis.app/market/2392
2393,Amateur's Chaser Hammer,Alya Octavia,450,1,2024-02-09T00:31:14.000Z,https://universalis.app/market/2393
2394,Bronze Ornamental Hammer,Z'uan Nyx,2000,1,2024-02-13T13:42:20.000Z,https://universalis.app/market/2394
2395,Iron Chaser Hammer,Vermili Heartwright,5000,1,2024-02-10T23:40:27.000Z,https://universalis.app/market/2395
2396,Initiate's Chaser Hammer,Petra Thorne,10021,1,2024-02-14T03:39:18.000Z,https://universalis.app/market/2396
2397,Iron Ornamental Hammer,Cerwyn Cassidy,7000,1,2024-02-24T23:24:00.000Z,https://universalis.app/market/2397
2398,Steel Chaser Hammer,Alex Starfall,15046,1,2024-02-17T19:34:07.000Z,https://universalis.app/market/2398
2399,Steel Ornamental Hammer,Chlo Yutaty,11162,1,2024-02-14T22:15:26.000Z,https://universalis.app/market/2399
2400,Mythril Ornamental Hammer,Mordecai Gallia,6000,1,2024-02-23T23:50:16.000Z,https://universalis.app/market/2400
2401,Mythril Lapidary Hammer,Overrated Taco,21192,1,2024-02-11T07:34:46.000Z,https://universalis.app/market/2401
2402,Electrum Lapidary Hammer,Caseyo Abbacchio,20000,1,2024-02-07T08:51:04.000Z,https://universalis.app/market/2402
5183,Tourmaline,Makota Valorae,1000,1,2024-02-05T05:08:38.000Z,https://universalis.app/market/5183
2405,Amateur's Grinding Wheel,Vellicoeur Starstruck,1000,1,2024-02-27T04:44:16.000Z,https://universalis.app/market/2405
2406,Ragstone Grinding Wheel,Z'uan Nyx,68000,1,2024-02-13T13:42:28.000Z,https://universalis.app/market/2406
2408,Mudstone Grinding Wheel,Riven Zatoshi,50000,1,2024-02-24T04:53:19.000Z,https://universalis.app/market/2408
5229,Mudstone,Z'uan Nyx,1000,19,2024-02-13T13:43:16.000Z,https://universalis.app/market/5229
2409,Initiate's Grinding Wheel,Namaya Mynral,66900,1,2024-02-16T07:20:38.000Z,https://universalis.app/market/2409
2411,Siltstone Grinding Wheel,Ayase Mori,90000,1,2024-02-12T03:13:21.000Z,https://universalis.app/market/2411
5231,Siltstone,Eris Moonweaver,499,99,2024-02-11T22:17:05.000Z,https://universalis.app/market/5231
2413,Garnet Grinding Wheel,Dima Sen'th,12000,1,2024-02-28T05:22:02.000Z,https://universalis.app/market/2413
5134,Raw Garnet,Sai Tsurugi,175,11,2024-02-17T01:00:11.000Z,https://universalis.app/market/5134
2414,Basilisk Grinding Wheel,Lord Mogsworth,40107,1,2024-02-22T18:59:37.000Z,https://universalis.app/market/2414
5263,Basilisk Egg,Fox Knight,890,7,2024-02-05T21:34:12.000Z,https://universalis.app/market/5263
2415,Militia Grinding Wheel,Daighl Orros,49991,1,2024-02-20T02:53:56.000Z,https://universalis.app/market/2415
5158,Astral Rock,Ty'ren Key,4300,1,2024-02-10T19:50:23.000Z,https://universalis.app/market/5158
2417,Bronze Head Knife,Catnip Lacroix,3000,1,2024-02-25T04:52:51.000Z,https://universalis.app/market/2417
2418,Amateur's Head Knife,Z'uan Nyx,2000,1,2024-02-09T02:49:19.000Z,https://universalis.app/market/2418
2419,Brass Head Knife,Astray Eclipse,6500,1,2024-02-19T17:32:31.000Z,https://universalis.app/market/2419
2420,Initiate's Head Knife,Niviko Elusive,11998,1,2024-02-09T22:12:24.000Z,https://universalis.app/market/2420
2421,Iron Round Knife,Chii Chii,50000,1,2024-02-25T17:06:02.000Z,https://universalis.app/market/2421
2422,Iron Head Knife,Cerwyn Cassidy,1500,1,2024-02-28T01:03:50.000Z,https://universalis.app/market/2422
2423,Silver Head Knife,Alynde Cirha,9993,1,2024-02-11T22:34:20.000Z,https://universalis.app/market/2423
2424,Steel Round Knife,Tesah Sovi,700,1,2024-02-05T02:53:23.000Z,https://universalis.app/market/2424
2425,Mythril Head Knife,Ozwyn Murciel,5000,1,2024-02-26T02:50:49.000Z,https://universalis.app/market/2425
2426,Mythril Round Knife,Sigurd Snow-hair,14999,1,2024-02-14T15:08:53.000Z,https://universalis.app/market/2426
2427,Electrum Head Knife,Ahnstah Dalamiq,55000,1,2024-02-04T19:39:51.000Z,https://universalis.app/market/2427
2430,Amateur's Awl,Solani Vale,899,1,2024-02-26T05:19:13.000Z,https://universalis.app/market/2430
2431,Bronze Awl,Day Dreams,5000,1,2024-02-15T22:50:39.000Z,https://universalis.app/market/2431
2433,Iron Awl,Elextri Natmi,50000,1,2024-02-12T19:49:28.000Z,https://universalis.app/market/2433
2434,Initiate's Awl,Niviko Elusive,4999,1,2024-02-09T22:12:28.000Z,https://universalis.app/market/2434
2436,Steel Awl,Autumn Dusk,6000,1,2024-02-13T17:43:44.000Z,https://universalis.app/market/2436
2437,Wrapped Steel Awl,Angel Maverick,10000,1,2024-02-06T09:57:13.000Z,https://universalis.app/market/2437
2439,Mythril Awl,Fishtara Moonsong,10000,1,2024-02-20T11:58:04.000Z,https://universalis.app/market/2439
2440,Cobalt Awl,Chisai Kuratta,19999,1,2024-02-25T19:16:14.000Z,https://universalis.app/market/2440
2441,Militia Awl,Syhrbryda Lyngmynawyn,17730,1,2024-02-29T02:00:52.000Z,https://universalis.app/market/2441
2443,Copper Needle,Sir Zaharra,75,1,2024-02-11T04:39:48.000Z,https://universalis.app/market/2443
2444,Bat Fang Needle,Idyn Selfin,1389,1,2024-02-08T03:24:51.000Z,https://universalis.app/market/2444
2445,Amateur's Needle,Riven Zatoshi,909,1,2024-02-10T00:23:32.000Z,https://universalis.app/market/2445
2446,Brass Needle,Sett Osborne,5000,1,2024-02-04T21:12:51.000Z,https://universalis.app/market/2446
2447,Initiate's Needle,Yuzuruha Mikogami,10000,1,2024-02-07T05:59:39.000Z,https://universalis.app/market/2447
2448,Silver Needle,Yui Kurokawa,6000,1,2024-02-17T15:38:01.000Z,https://universalis.app/market/2448
2449,Worm Fang Needle,Candie Carti,68000,1,2024-02-21T03:00:21.000Z,https://universalis.app/market/2449
5447,Sandworm Fang,Frejr Earhart,499,1,2024-02-04T19:36:02.000Z,https://universalis.app/market/5447
2450,Mythril Needle,Yui Kurokawa,15000,1,2024-02-17T16:01:17.000Z,https://universalis.app/market/2450
2451,Wolf Fang Needle,Kosame Amagai,28000,1,2024-02-27T21:37:50.000Z,https://universalis.app/market/2451
2452,Thousand Needle,Auvo Akhabila,2794,1,2024-02-05T20:30:46.000Z,https://universalis.app/market/2452
5468,Cactuar Needle,Kotetzu Ragnvindr,295,2,2024-02-27T07:56:00.000Z,https://universalis.app/market/5468
2453,Electrum Needle,Sephora Rhapsodos,7500,1,2024-02-21T03:18:26.000Z,https://universalis.app/market/2453
2456,Amateur's Spinning Wheel,Z'uan Nyx,199,1,2024-02-09T01:12:01.000Z,https://universalis.app/market/2456
2457,Ash Spinning Wheel,Veis Thunderstruck,3599,1,2024-02-07T16:36:41.000Z,https://universalis.app/market/2457
2459,Initiate's Spinning Wheel,Merinda Sunrider,8900,1,2024-02-04T04:17:57.000Z,https://universalis.app/market/2459
2460,Elm Spinning Wheel,Elextri Natmi,85000,1,2024-02-12T22:29:34.000Z,https://universalis.app/market/2460
2464,Mahogany Spinning Wheel,Kosame Amagai,29000,1,2024-02-27T21:37:55.000Z,https://universalis.app/market/2464
2465,Rosewood Spinning Wheel,Ri Kkore,26899,1,2024-02-14T07:21:15.000Z,https://universalis.app/market/2465
2466,Militia Spinning Wheel,Kiyah Lancaster,55000,1,2024-02-09T01:59:59.000Z,https://universalis.app/market/2466
2468,Bronze Alembic,Rokuyari Malaguld,50000,1,2024-02-05T20:37:52.000Z,https://universalis.app/market/2468
2469,Amateur's Alembic,Koira Ray'okami,9000,1,2024-02-07T02:41:31.000Z,https://universalis.app/market/2469
2470,Brass Alembic,Hydira Veltryx,9000,1,2024-02-25T01:09:55.000Z,https://universalis.app/market/2470
2471,Initiate's Alembic,Ryteor Vannes,3157,1,2024-02-23T02:53:43.000Z,https://universalis.app/market/2471
2472,Iron Alembic,Vermili Heartwright,3001,1,2024-02-10T04:44:07.000Z,https://universalis.app/market/2472
2473,Conical Alembic,Vermili Heartwright,2000,1,2024-02-16T00:03:51.000Z,https://universalis.app/market/2473
2474,Steel Alembic,Naruto Vowels,20053,1,2024-02-23T22:23:04.000Z,https://universalis.app/market/2474
2475,Silver Alembic,Faie Faie,10000,1,2024-02-17T22:13:50.000Z,https://universalis.app/market/2475
2476,Mythril Alembic,Yuri Fujiwara,35000,1,2024-02-12T07:07:40.000Z,https://universalis.app/market/2476
2477,Electrum Alembic,Athena Darkpromise,10000,1,2024-02-17T15:50:23.000Z,https://universalis.app/market/2477
2478,Thermal Alembic,Kosame Amagai,68000,1,2024-02-27T10:23:27.000Z,https://universalis.app/market/2478
2481,Amateur's Mortar,Komachi Onozuka,400,1,2024-02-08T16:38:30.000Z,https://universalis.app/market/2481
2484,Iron Mortar,Khloe Kisne,50000,1,2024-02-22T06:29:05.000Z,https://universalis.app/market/2484
2485,Initiate's Mortar,Naruto Vowels,15000,1,2024-02-19T23:58:06.000Z,https://universalis.app/market/2485
2487,Steel Mortar,Austyn Kiwamitora,9000,1,2024-02-20T01:33:52.000Z,https://universalis.app/market/2487
2488,Heavy Steel Mortar,Gisela Westlake,15000,1,2024-02-15T20:55:10.000Z,https://universalis.app/market/2488
2490,Mythril Mortar,Athena Darkpromise,15092,1,2024-02-17T15:50:30.000Z,https://universalis.app/market/2490
2491,Cobalt Mortar,Gisela Westlake,50107,1,2024-02-21T20:24:09.000Z,https://universalis.app/market/2491
2492,Militia Mortar,Rory Crowe,19000,1,2024-02-29T22:37:01.000Z,https://universalis.app/market/2492
2494,Bronze Skillet,Bim Danglefield,10000,1,2024-02-08T23:37:06.000Z,https://universalis.app/market/2494
2495,Amateur's Skillet,Soft Paws,15000,1,2024-02-13T23:06:01.000Z,https://universalis.app/market/2495
2496,Iron Skillet,Tiberrius Omega,22000,1,2024-02-10T04:56:16.000Z,https://universalis.app/market/2496
2497,Initiate's Skillet,Myth Drannor,4995,1,2024-02-13T19:25:18.000Z,https://universalis.app/market/2497
2498,Iron Frypan,Yoyoya Yoya,15126,1,2024-02-12T21:55:21.000Z,https://universalis.app/market/2498
2499,Bomb Frypan,Rin Azzy,5041,1,2024-02-29T00:03:24.000Z,https://universalis.app/market/2499
5528,Bomb Ash,Denny's Grand-slam,700,3,2024-02-12T08:31:17.000Z,https://universalis.app/market/5528
2500,Steel Skillet,Luna Mayham,7053,1,2024-02-21T05:48:09.000Z,https://universalis.app/market/2500
2501,White Skillet,Vaen Jiin,20000,1,2024-02-04T11:32:13.000Z,https://universalis.app/market/2501
2502,Steel Frypan,Vernaud Nox,43333,1,2024-02-28T01:04:35.000Z,https://universalis.app/market/2502
2503,Cobalt Skillet,Aerin Reece,10995,1,2024-02-05T22:23:35.000Z,https://universalis.app/market/2503
2504,Hells' Kitchen,Tira Minou,49890,1,2024-02-19T17:11:29.000Z,https://universalis.app/market/2504
2507,Amateur's Culinary Knife,Bim Danglefield,3200,1,2024-02-08T00:30:01.000Z,https://universalis.app/market/2507
2508,Bronze Culinary Knife,Silver Yue,10009,1,2024-02-08T04:28:28.000Z,https://universalis.app/market/2508
2510,Iron Culinary Knife,Ahnstah Dalamiq,2000,1,2024-02-04T18:43:58.000Z,https://universalis.app/market/2510
2511,Initiate's Culinary Knife,A'ri Tristitia,9999,1,2024-02-24T07:46:13.000Z,https://universalis.app/market/2511
2513,Steel Culinary Knife,Koznhevikova Rhiikoro,14053,1,2024-02-04T16:45:44.000Z,https://universalis.app/market/2513
2514,Wrapped Steel Culinary Knife,Cyles Blackheart,68000,1,2024-02-29T02:38:32.000Z,https://universalis.app/market/2514
2516,Mythril Culinary Knife,Phoenix Keahi,15092,1,2024-02-10T22:33:11.000Z,https://universalis.app/market/2516
2518,Militia Culinary Knife,Cyles Blackheart,44600,1,2024-02-29T03:57:44.000Z,https://universalis.app/market/2518
2520,Bronze Pickaxe,Ava Moxy,500,1,2024-02-26T03:13:36.000Z,https://universalis.app/market/2520
2521,Amateur's Pickaxe,Ime Tachibana,25000,1,2024-02-06T01:15:14.000Z,https://universalis.app/market/2521
2522,Plumed Bronze Pickaxe,Healie Bucc,9000,1,2024-02-24T22:39:26.000Z,https://universalis.app/market/2522
2523,Iron Pickaxe,Haoyu Tao,38999,1,2024-02-23T04:13:28.000Z,https://universalis.app/market/2523
2524,Initiate's Pickaxe,Dancing Moon,50000,1,2024-02-26T12:57:39.000Z,https://universalis.app/market/2524
2525,Iron Dolabra,Vermili Heartwright,1028,1,2024-02-18T18:19:32.000Z,https://universalis.app/market/2525
2526,Steel Pickaxe,Fiora Firestine,10000,1,2024-02-13T02:06:08.000Z,https://universalis.app/market/2526
2527,Steel Dolabra,Kami Kichi,10056,1,2024-02-06T20:38:32.000Z,https://universalis.app/market/2527
2528,Plumed Mythril Pickaxe,Zarah Ellismarrah,18074,1,2024-02-13T23:39:39.000Z,https://universalis.app/market/2528
5327,Undyed Linen,Agrael Cousland,20000,2,2024-02-07T03:43:52.000Z,https://universalis.app/market/5327
2529,Cobalt Dolabra,Nuevi Astartes,3990,1,2024-02-08T19:01:37.000Z,https://universalis.app/market/2529
2530,Egret Dolabra,Caseyo Abbacchio,49999,1,2024-02-07T22:04:37.000Z,https://universalis.app/market/2530
2534,Bronze Sledgehammer,Noctis Shadowsong,25000,1,2024-02-05T16:15:04.000Z,https://universalis.app/market/2534
2536,Initiate's Sledgehammer,Dino Punch-kick,25000,1,2024-02-11T17:32:19.000Z,https://universalis.app/market/2536
2537,Iron Sledgehammer,Haoyu Tao,120000,1,2024-02-23T04:13:31.000Z,https://universalis.app/market/2537
2539,Steel Sledgehammer,Vermili Heartwright,50000,1,2024-02-25T01:55:43.000Z,https://universalis.app/market/2539
2540,Wrapped Steel Sledgehammer,Azazel Blaze,17000,1,2024-02-17T19:52:24.000Z,https://universalis.app/market/2540
2542,Mythril Sledgehammer,Kuro Nightstorm,24000,1,2024-02-20T05:18:45.000Z,https://universalis.app/market/2542
2543,Cobalt Sledgehammer,Xu'ra Viyashe,45000,1,2024-02-12T22:43:34.000Z,https://universalis.app/market/2543
2544,Militia Sledgehammer,Krusos Aureus,50000,1,2024-02-16T02:50:37.000Z,https://universalis.app/market/2544
2546,Bronze Hatchet,Zoe Lavorre,15000,1,2024-02-04T20:53:22.000Z,https://universalis.app/market/2546
2547,Amateur's Hatchet,Azazel Blaze,15109,1,2024-02-07T08:25:09.000Z,https://universalis.app/market/2547
2548,Iron Hatchet,Ime Tachibana,30000,1,2024-02-05T21:53:58.000Z,https://universalis.app/market/2548
2549,Initiate's Hatchet,Sumire Tenshi,19979,1,2024-02-20T04:00:47.000Z,https://universalis.app/market/2549
2550,Brass Hatchet,Sky Eclipse,7500,1,2024-02-18T03:38:47.000Z,https://universalis.app/market/2550
2551,Plumed Iron Hatchet,Lentil Likethesoup,40000,1,2024-02-21T21:59:54.000Z,https://universalis.app/market/2551
5359,Chocobo Feather,Cassius Roman,5555,2,2024-02-07T00:54:20.000Z,https://universalis.app/market/5359
2552,Steel Hatchet,Azazel Blaze,30053,1,2024-02-17T19:48:24.000Z,https://universalis.app/market/2552
2553,Plumed Steel Hatchet,Mi'yuki Tsukino,11000,1,2024-02-23T06:42:51.000Z,https://universalis.app/market/2553
2554,Mythril Hatchet,Dumbalex Healsyou,10001,1,2024-02-21T21:20:59.000Z,https://universalis.app/market/2554
2555,Cobalt Hatchet,Spaghetti Chan,50000,1,2024-02-13T16:23:03.000Z,https://universalis.app/market/2555
2556,Horned Hatchet,Melia Kah,80000,1,2024-02-24T00:11:25.000Z,https://universalis.app/market/2556
2560,Bronze Scythe,Yin Kanrui,8000,1,2024-02-07T20:03:23.000Z,https://universalis.app/market/2560
2562,Iron Scythe,Meara Hera,19018,1,2024-02-25T01:20:35.000Z,https://universalis.app/market/2562
2563,Initiate's Scythe,Sky Eclipse,1000,1,2024-02-18T03:37:51.000Z,https://universalis.app/market/2563
2565,Steel Scythe,Fluffy Doughnut,21000,1,2024-02-08T21:39:36.000Z,https://universalis.app/market/2565
2566,Wrapped Steel Scythe,Kiyah Lancaster,10065,1,2024-02-08T02:09:46.000Z,https://universalis.app/market/2566
2568,Mythril Scythe,Melia Kah,30000,1,2024-02-15T21:58:43.000Z,https://universalis.app/market/2568
2569,Cobalt Scythe,Mel Skyppes,65000,1,2024-02-21T23:43:27.000Z,https://universalis.app/market/2569
2570,Militia Scythe,Ajna Lotus,99930,1,2024-02-25T23:35:01.000Z,https://universalis.app/market/2570
2572,Maple Fishing Rod,Zakhiri Ryzen,8000,1,2024-03-01T21:43:07.000Z,https://universalis.app/market/2572
2573,Amateur's Fishing Rod,Tatsumi Foxx,19000,1,2024-02-19T17:50:47.000Z,https://universalis.app/market/2573
2574,Elm Fishing Rod,Morn Draugr,20000,1,2024-02-10T08:37:19.000Z,https://universalis.app/market/2574
2575,Initiate's Fishing Rod,Kassyla Bryndo,5000,1,2024-02-04T01:48:16.000Z,https://universalis.app/market/2575
2576,Yew Fishing Rod,Ravyn Thurnstone,60000,1,2024-02-19T03:06:35.000Z,https://universalis.app/market/2576
2577,Staghorn Fishing Rod,Home Depot,75000,1,2024-02-14T21:43:23.000Z,https://universalis.app/market/2577
2578,Walnut Fishing Rod,Argerith Hallow,32000,1,2024-02-04T02:28:18.000Z,https://universalis.app/market/2578
2579,Horn Fishing Rod,Home Depot,2111,1,2024-02-14T22:28:01.000Z,https://universalis.app/market/2579
2580,Mahogany Fishing Rod,Mirabelle Halha,19999,1,2024-02-17T15:09:52.000Z,https://universalis.app/market/2580
2581,Rosewood Fishing Rod,Avalynn Myst,70000,1,2024-02-08T03:51:15.000Z,https://universalis.app/market/2581
2582,Gilded Rosewood Fishing Rod,Penelope Paprikash,49999,1,2024-02-26T00:05:54.000Z,https://universalis.app/market/2582
2588,Crayfish Ball,Zain Akemi,500,15,2024-02-05T21:58:21.000Z,https://universalis.app/market/2588
4825,Rye Flour,Azazel Blaze,980,92,2024-02-10T23:14:50.000Z,https://universalis.app/market/4825
4925,Crayfish,Namaya Mynral,1000,5,2024-02-14T08:47:41.000Z,https://universalis.app/market/4925
2589,Goby Ball,Corpse Zily,1000,99,2024-02-14T13:15:22.000Z,https://universalis.app/market/2589
4931,Dusk Goby,Adventure A'cademy,4000,5,2024-02-13T00:35:44.000Z,https://universalis.app/market/4931
2593,Crab Ball,Buck Bluebell,20,50,2024-02-04T22:46:07.000Z,https://universalis.app/market/2593
4880,Helmet Crab,Azazel Blaze,4000,20,2024-02-10T23:13:47.000Z,https://universalis.app/market/4880
2595,Bass Ball,Mo Fu,80,99,2024-02-06T10:39:28.000Z,https://universalis.app/market/2595
4826,Sunset Wheat Flour,Vasella Ontagini,1000,1,2024-02-29T00:28:01.000Z,https://universalis.app/market/4826
4959,Dark Bass,Evelyn Summers,2000,5,2024-02-05T17:21:49.000Z,https://universalis.app/market/4959
2598,Herring Ball,Corpse Zily,100,40,2024-02-16T15:09:06.000Z,https://universalis.app/market/2598
4895,Indigo Herring,Eeveeh Tami,1000,4,2024-02-08T01:18:24.000Z,https://universalis.app/market/4895
2610,Chocobo Fly,T'kalla Menh,1000,1,2024-02-18T11:21:22.000Z,https://universalis.app/market/2610
2611,Floating Minnow,Ime Tachibana,900,10,2024-02-06T02:48:47.000Z,https://universalis.app/market/2611
2612,Brass Spoon Lure,Tatsumi Foxx,50,10,2024-02-27T22:36:54.000Z,https://universalis.app/market/2612
2614,Crow Fly,Alka Zelka,11111,99,2024-02-05T22:32:42.000Z,https://universalis.app/market/2614
2615,Silver Spoon Lure,Nuevi Astartes,249,5,2024-02-07T20:27:32.000Z,https://universalis.app/market/2615
2616,Steel Jig,Xyvyra Liadon,1895,20,2024-02-23T21:28:46.000Z,https://universalis.app/market/2616
2617,Sinking Minnow,Jasper James,4999,11,2024-02-28T01:24:30.000Z,https://universalis.app/market/2617
2618,Snurble Fly,Cutscene Andy,5000,5,2024-02-19T05:59:32.000Z,https://universalis.app/market/2618
5349,Snurble Tufts,Ririshan Rereshan,1999,2,2024-02-09T17:17:59.000Z,https://universalis.app/market/5349
2619,Heavy Steel Jig,Keiko Mihata,5000,5,2024-02-17T15:51:41.000Z,https://universalis.app/market/2619
2620,Spinner,Krusos Aureus,4999,13,2024-02-25T19:21:35.000Z,https://universalis.app/market/2620
4900,Whitelip Oyster,Izana Kunigiri,3000,1,2024-02-11T07:29:32.000Z,https://universalis.app/market/4900
2622,Mythril Spoon Lure,Nuevi Astartes,1000,3,2024-02-08T01:38:44.000Z,https://universalis.app/market/2622
2623,Wildfowl Fly,Corpse Zily,4009,99,2024-02-14T13:15:14.000Z,https://universalis.app/market/2623
2624,Topwater Frog,Violet Rae,5012,10,2024-02-22T21:55:47.000Z,https://universalis.app/market/2624
2625,Rainbow Spoon Lure,Mo Fu,4000,5,2024-02-05T19:11:49.000Z,https://universalis.app/market/2625
5466,Blacklip Oyster,Masumi Kai,4130,2,2024-02-18T19:00:25.000Z,https://universalis.app/market/5466
2626,Spinnerbait,Yuyukai Zuzukai,5000,5,2024-02-11T19:17:28.000Z,https://universalis.app/market/2626
5329,Undyed Felt,Adia Amaya,15000,1,2024-02-06T22:05:04.000Z,https://universalis.app/market/5329
2627,Streamer,Logan Fox,2995,5,2024-02-04T21:22:45.000Z,https://universalis.app/market/2627
2628,Yumizuno,Nyx Ourania,5000,2,2024-02-06T11:14:38.000Z,https://universalis.app/market/2628
2629,Hempen Coif,Mikoto Misaka,25600000,1,2024-02-06T23:51:24.000Z,https://universalis.app/market/2629
2630,Hempen Coif of Gathering,Zacharius Saerion,1000,1,2024-02-14T01:09:34.000Z,https://universalis.app/market/2630
2631,Leather Calot,Kohaku Kurohana,98000,1,2024-03-02T21:30:30.000Z,https://universalis.app/market/2631
2650,Company Hat,Lucine Kurage,950000,1,2024-02-17T02:15:14.000Z,https://universalis.app/market/2650
12590,Ramie Cloth,Merinda Sunrider,4000,2,2024-02-18T04:11:42.000Z,https://universalis.app/market/12590
12595,Ramie Thread,Joya Watari,3550,5,2024-02-07T02:18:54.000Z,https://universalis.app/market/12595
2652,Hempen Bandana,Khaja Mol,7500,1,2024-02-04T23:52:34.000Z,https://universalis.app/market/2652
2653,Leather Eyepatch,Klivian Tamsra,10000000,1,2024-02-18T02:32:54.000Z,https://universalis.app/market/2653
2654,Hard Leather Pot Helm,Rin Azzy,4111,1,2024-02-08T00:31:35.000Z,https://universalis.app/market/2654
2655,Hempen Hat,Darkhosis Vii,20000,1,2024-02-08T16:12:59.000Z,https://universalis.app/market/2655
2656,Bronze Chain Coif,Lil' Xan',999003,1,2024-02-11T21:56:22.000Z,https://universalis.app/market/2656
5081,Bronze Rings,Z'uan Nyx,240,2,2024-02-09T23:37:34.000Z,https://universalis.app/market/5081
2658,Straw Hat,Ishtar Vhuh,1500000,1,2024-02-19T03:39:37.000Z,https://universalis.app/market/2658
5342,Straw,Raih'li Garanti,300,99,2024-02-06T22:25:02.000Z,https://universalis.app/market/5342
2660,Amateur's Headgear,Sai Hattori,2300,1,2024-02-09T22:22:15.000Z,https://universalis.app/market/2660
2661,Amateur's Hempen Coif,Bry B'good,7500,1,2024-02-24T07:15:48.000Z,https://universalis.app/market/2661
2662,Bronze Sallet,Azie Emet,20005,1,2024-02-15T06:25:23.000Z,https://universalis.app/market/2662
2663,Stablemaid's Hat,Soft Paws,12500,1,2024-02-13T02:48:44.000Z,https://universalis.app/market/2663
5540,Carnation,Yuki Firebird,870,1,2024-02-07T23:04:29.000Z,https://universalis.app/market/5540
2664,Bronze Barbut,Rokuyari Malaguld,605,1,2024-02-15T23:25:54.000Z,https://universalis.app/market/2664
2665,Cotton Turban,Meringue Vanille,6500,1,2024-02-28T04:55:40.000Z,https://universalis.app/market/2665
2666,Stablehand's Hat,Caseyo Abbacchio,6000,1,2024-02-16T02:07:51.000Z,https://universalis.app/market/2666
2668,Brass Spectacles,Aisuru Tenshi,20006,1,2024-02-09T19:59:16.000Z,https://universalis.app/market/2668
5512,Clear Glass Lens,Eogan Bruvvins,1000,5,2024-02-15T15:52:23.000Z,https://universalis.app/market/5512
2669,Hard Leather Eyepatch,Rosa Inthepark,999,1,2024-02-09T17:36:58.000Z,https://universalis.app/market/2669
2670,Cotton Scarf,Sasaki Rin,30870000,1,2024-02-16T05:28:13.000Z,https://universalis.app/market/2670
2672,Hard Leather Skullcap,Alka Zelka,9000,1,2024-02-05T21:23:45.000Z,https://universalis.app/market/2672
2673,Bronze Celata,Verona Void,1500,1,2024-02-16T00:48:41.000Z,https://universalis.app/market/2673
2675,Ash Mask,Zano Mcgee,2000,1,2024-02-18T06:00:17.000Z,https://universalis.app/market/2675
2677,Hunting Hat,Moira Bayaqud,4999,1,2024-02-09T00:16:34.000Z,https://universalis.app/market/2677
2680,Decorated Bronze Barbut,Turnon Tankstance,18000,1,2024-02-05T17:20:42.000Z,https://universalis.app/market/2680
2685,Brass Circlet (Sunstone),Adel Pandora,20000,1,2024-02-10T23:18:37.000Z,https://universalis.app/market/2685
5169,Sunstone,Tio Tot,149,1,2024-02-27T20:20:41.000Z,https://universalis.app/market/5169
2687,Brass Circlet (Danburite),Astray Eclipse,25000,1,2024-02-25T00:01:49.000Z,https://universalis.app/market/2687
5170,Danburite,Juna Mimsu,91,94,2024-02-21T10:02:26.000Z,https://universalis.app/market/5170
2689,Brass Circlet (Malachite),June Cervantes,19999,1,2024-02-12T06:47:05.000Z,https://universalis.app/market/2689
5171,Malachite,Eogan Bruvvins,1000,8,2024-02-19T17:23:05.000Z,https://universalis.app/market/5171
2691,Brass Circlet (Sphene),Soft Paws,4409,1,2024-02-13T02:48:29.000Z,https://universalis.app/market/2691
5172,Sphene,Russell Raspberry,298,2,2024-02-09T04:59:32.000Z,https://universalis.app/market/5172
5173,Fluorite,Akagi Shirogane,299,2,2024-02-04T19:39:55.000Z,https://universalis.app/market/5173
2695,Brass Circlet (Lapis Lazuli),Rokuyari Malaguld,309,1,2024-02-16T23:59:31.000Z,https://universalis.app/market/2695
5174,Lapis Lazuli,K'cirha Cottol,1500,13,2024-03-02T03:46:33.000Z,https://universalis.app/market/5174
2697,Goatskin Pot Helm,Vermili Heartwright,12997,1,2024-02-08T03:12:14.000Z,https://universalis.app/market/2697
2699,Cotton Coif,Eldie Chaunollet,8999,1,2024-02-09T01:35:16.000Z,https://universalis.app/market/2699
2700,Cotton Coif of Gathering,Ime Tachibana,25000,1,2024-02-05T22:50:11.000Z,https://universalis.app/market/2700
2703,Ash Mask (Lapis Lazuli),Astray Eclipse,15000,1,2024-02-19T21:24:46.000Z,https://universalis.app/market/2703
2708,Iron Sallet,Vermili Heartwright,3000,1,2024-02-08T03:11:17.000Z,https://universalis.app/market/2708
2710,Goatskin Eyepatch,Pallas Arziant,7950,1,2024-02-09T07:31:35.000Z,https://universalis.app/market/2710
2712,Iron Celata,Schramm Walker,35000,1,2024-02-24T22:54:29.000Z,https://universalis.app/market/2712
5082,Iron Rings,Logan Fox,9998,1,2024-02-14T03:32:44.000Z,https://universalis.app/market/5082
2714,Initiate's Headgear,Oliphae Stormwind,50000,1,2024-03-01T01:04:08.000Z,https://universalis.app/market/2714
2719,Cotton Sugarloaf Hat,Seraphine Fleur,180000000,1,2024-02-16T22:58:53.000Z,https://universalis.app/market/2719
2723,Iron Elmo,Steevon Dejiki,50000,1,2024-02-25T02:22:22.000Z,https://universalis.app/market/2723
2725,Reinforced Iron Sallet,Erenthil Hyskaris,4995,1,2024-02-14T06:34:05.000Z,https://universalis.app/market/2725
2727,Velveteen Bandana,Alka Zelka,68000,1,2024-02-05T23:31:31.000Z,https://universalis.app/market/2727
2728,Silver Spectacles,Rose Merick,20000,1,2024-02-12T23:44:25.000Z,https://universalis.app/market/2728
2729,Velveteen Turban,Sadie Mistwalker,19000,1,2024-02-23T22:21:52.000Z,https://universalis.app/market/2729
2731,Silver Magnifiers,Lief Aldebran,10000,1,2024-02-04T03:36:39.000Z,https://universalis.app/market/2731
2733,Velveteen Wedge Cap of Crafting,Ri Kkore,22500,1,2024-02-14T05:32:44.000Z,https://universalis.app/market/2733
2734,Velveteen Wedge Cap of Gathering,Riven Zatoshi,35019,1,2024-02-29T04:20:41.000Z,https://universalis.app/market/2734
2735,Silver Circlet (Garnet),Notion Rain,50000000,1,2024-02-26T00:25:01.000Z,https://universalis.app/market/2735
5175,Garnet,Silas Othemaas,1052,2,2024-02-21T14:46:21.000Z,https://universalis.app/market/5175
2737,Silver Circlet (Goshenite),Khaja Mol,19000,1,2024-02-06T09:39:54.000Z,https://universalis.app/market/2737
5176,Goshenite,Vasella Ontagini,899,1,2024-02-28T23:01:37.000Z,https://universalis.app/market/5176
5177,Peridot,Ozwyn Murciel,1400,1,2024-02-10T19:07:50.000Z,https://universalis.app/market/5177
5178,Heliodor,Ayshia Lafon,1500,6,2024-02-09T01:40:40.000Z,https://universalis.app/market/5178
2743,Silver Circlet (Amethyst),Nononji Rurunji,25000,1,2024-02-13T11:38:48.000Z,https://universalis.app/market/2743
5179,Amethyst,Mjara Rose,600,2,2024-02-24T22:25:34.000Z,https://universalis.app/market/5179
2745,Silver Circlet (Aquamarine),Cerwyn Cassidy,3000,1,2024-02-14T01:09:42.000Z,https://universalis.app/market/2745
5180,Aquamarine,Makota Valorae,121,1,2024-02-05T06:46:58.000Z,https://universalis.app/market/5180
2750,Velveteen Beret,Arawynn Kyllon,25000,1,2024-02-04T18:40:01.000Z,https://universalis.app/market/2750
5343,Cotton Boll,Fibit Lancaster,100001,1,2024-02-08T17:29:08.000Z,https://universalis.app/market/5343
5355,Dodo Feather,Heals Onwheels,920,5,2024-02-26T15:40:04.000Z,https://universalis.app/market/5355
2753,Steel Sallet,Verity Mhakaracca,39999,1,2024-02-05T03:24:58.000Z,https://universalis.app/market/2753
2755,Steel Celata,Aiden Haze,13000,1,2024-02-21T03:50:15.000Z,https://universalis.app/market/2755
2757,Vintage Celata,Rigby Pantoja,34999,1,2024-02-26T01:49:23.000Z,https://universalis.app/market/2757
2667,Dented Celata,Sefi Asta,2030,1,2024-02-09T08:47:03.000Z,https://universalis.app/market/2667
2758,Steel Goggles,Rinoa Angel,35500,1,2024-02-05T03:48:10.000Z,https://universalis.app/market/2758
2763,Velveteen Sugarloaf Hat,Azathiel Claywork,50031,1,2024-02-27T14:23:12.000Z,https://universalis.app/market/2763
2765,Steel Elmo,Lexi Scout,70000,1,2024-02-19T17:13:32.000Z,https://universalis.app/market/2765
2767,Skull Eyepatch,Elenoir Spellheart,39930,1,2024-02-12T03:50:44.000Z,https://universalis.app/market/2767
2769,Mythril Magnifiers,A'dhar Nunh,4900,1,2024-02-05T05:35:41.000Z,https://universalis.app/market/2769
2774,Mythril Spectacles,Alasar Riveren,20000,1,2024-02-04T21:49:14.000Z,https://universalis.app/market/2774
2776,Linen Turban,Dino Punch-kick,22000,1,2024-02-11T18:46:54.000Z,https://universalis.app/market/2776
2778,Angler's Hat,Smeagle Neshbit,68000,1,2024-02-15T07:01:06.000Z,https://universalis.app/market/2778
2779,Linen Hat,Meringue Vanille,69938,1,2024-02-27T17:58:18.000Z,https://universalis.app/market/2779
2785,Vintage Chef's Hat,Myth Drannor,25000,1,2024-02-14T00:17:54.000Z,https://universalis.app/market/2785
2786,Steel Barbut,Yynnsaroh Vonhelena,18040,1,2024-02-07T23:31:30.000Z,https://universalis.app/market/2786
2788,Boarskin Pot Helm,Bac'n-chese Burrrg,35000,1,2024-02-09T20:52:53.000Z,https://universalis.app/market/2788
2790,Mythril Circlet (Rubellite),Slickstoner Angel,25000,1,2024-02-11T10:22:36.000Z,https://universalis.app/market/2790
5181,Rubellite,Odjin Yorae,900,2,2024-02-24T03:44:22.000Z,https://universalis.app/market/5181
2792,Mythril Circlet (Zircon),Imagine Stars,25000,1,2024-02-24T16:34:42.000Z,https://universalis.app/market/2792
5182,Zircon,Agrael Cousland,2100,1,2024-02-06T20:44:34.000Z,https://universalis.app/market/5182
2794,Mythril Circlet (Tourmaline),Free Boulder,30041,1,2024-02-18T05:39:31.000Z,https://universalis.app/market/2794
2796,Mythril Circlet (Amber),Maiden Heaven,19999,1,2024-02-24T19:21:41.000Z,https://universalis.app/market/2796
5184,Amber,Agrael Cousland,5000,1,2024-02-06T20:44:23.000Z,https://universalis.app/market/5184
2798,Mythril Circlet (Spinel),Blitz Creech,44990,1,2024-02-24T20:22:53.000Z,https://universalis.app/market/2798
5185,Spinel,Veezra Silksong,2500,2,2024-02-07T03:13:34.000Z,https://universalis.app/market/5185
2800,Mythril Circlet (Turquoise),Nambi Ferrara,1000,1,2024-02-21T07:44:27.000Z,https://universalis.app/market/2800
5186,Turquoise,Map Lock,1000,2,2024-02-25T18:24:31.000Z,https://universalis.app/market/5186
2802,Mythril Elmo,Suspicious Silence,25000,1,2024-02-13T21:37:05.000Z,https://universalis.app/market/2802
2804,Linen Wedge Cap of Crafting,Lemon Crisp,7000,1,2024-02-17T21:10:22.000Z,https://universalis.app/market/2804
2805,Linen Wedge Cap of Gathering,Cosza Add,500000000,1,2024-02-07T03:06:57.000Z,https://universalis.app/market/2805
2806,Woolen Coif,Sophia Z'ee,10000,1,2024-02-05T21:49:19.000Z,https://universalis.app/market/2806
5328,Undyed Woolen Cloth,Azazel Blaze,15000,33,2024-02-07T15:56:10.000Z,https://universalis.app/market/5328
2808,Woolen Coif of Gathering,Shinobi Dm,16000,1,2024-02-05T14:55:42.000Z,https://universalis.app/market/2808
2810,Woolen Turban,Ryuko Longbreach,20000,1,2024-02-04T06:26:49.000Z,https://universalis.app/market/2810
2812,Mythril Celata,Wren Filtiarn,24846,1,2024-02-28T05:55:05.000Z,https://universalis.app/market/2812
5089,Mythril Rings,Lord Mogsworth,2995,4,2024-02-19T00:55:23.000Z,https://universalis.app/market/5089
2814,Woolen Hat,Azathiel Claywork,50000,1,2024-02-28T13:59:14.000Z,https://universalis.app/market/2814
2816,Linen Deerstalker,Hri Deathtopia,30000,1,2024-02-06T06:27:17.000Z,https://universalis.app/market/2816
2817,Mythril Barbut,Sigurd Snow-hair,25000,1,2024-02-09T14:50:04.000Z,https://universalis.app/market/2817
2819,Mythril Mesail,Aelfric Nani,20000,1,2024-02-08T06:12:33.000Z,https://universalis.app/market/2819
2825,Ranger's Hat,Hachiro Hara,800,1,2024-02-17T03:19:03.000Z,https://universalis.app/market/2825
2829,Woolen Beret,Kana Xiao,23750000,1,2024-02-11T19:15:18.000Z,https://universalis.app/market/2829
5348,Apkallu Down,Lilim Valafar,4000,6,2024-02-16T04:24:11.000Z,https://universalis.app/market/5348
2830,Reinforced Mythril Elmo,Aedric Smithy,48000,1,2024-02-06T15:34:17.000Z,https://universalis.app/market/2830
2832,Woolen Cavalier's Hat,Asatsuyu Lotus,3100,1,2024-02-10T02:33:49.000Z,https://universalis.app/market/2832
2834,Cobalt Preserves,Modomori Ulfreign,25300,1,2024-02-19T03:46:42.000Z,https://universalis.app/market/2834
2835,Felt Coif,Sigurd Snow-hair,19999,1,2024-02-18T14:58:03.000Z,https://universalis.app/market/2835
2837,Felt Coif of Gathering,Brathgar Inivisch,22500,1,2024-02-10T00:41:14.000Z,https://universalis.app/market/2837
2850,Cobalt Elmo,Koya Qerel,20000,1,2024-02-07T01:28:53.000Z,https://universalis.app/market/2850
2852,Felt Hat,Harmony Lightfoot,20000,1,2024-02-08T23:29:32.000Z,https://universalis.app/market/2852
2854,Woolen Deerstalker,Letum Imminere,35000000,1,2024-02-18T21:10:55.000Z,https://universalis.app/market/2854
2855,Vintage Jester's Cap,Takemi Tae,25000,1,2024-02-21T21:27:37.000Z,https://universalis.app/market/2855
2702,Moldering Jester's Cap,Deandra Seelen,6999,1,2024-02-06T15:10:55.000Z,https://universalis.app/market/2702
2857,Electrum Monocle,Olivia Layne,45500,1,2024-02-08T00:28:54.000Z,https://universalis.app/market/2857
5087,Brass Rings,Iro Kell,5,24,2024-02-27T00:17:23.000Z,https://universalis.app/market/5087
2859,Cobalt Barbut,Lusserina Vul,70000,1,2024-02-04T16:46:37.000Z,https://universalis.app/market/2859
2861,Cobalt Mesail,Shally Milize,15000,1,2024-02-16T09:44:29.000Z,https://universalis.app/market/2861
2862,Raptorskin Pot Helm,Sigurd Snow-hair,9999,1,2024-02-09T14:49:47.000Z,https://universalis.app/market/2862
2872,Electrum Circlet (Zircon),Thilly Ducky,32000,1,2024-02-25T04:16:38.000Z,https://universalis.app/market/2872
2876,Electrum Circlet (Amber),Thilly Ducky,32000,1,2024-02-25T04:16:20.000Z,https://universalis.app/market/2876
2878,Electrum Circlet (Spinel),Thilly Ducky,38000,1,2024-02-25T04:16:32.000Z,https://universalis.app/market/2878
2882,Rainmaker's Hat,Arisa Aino,30000,1,2024-02-23T23:52:07.000Z,https://universalis.app/market/2882
2884,Cobalt Chain Coif,Gordon Blue,20000,1,2024-02-06T01:28:42.000Z,https://universalis.app/market/2884
5084,Cobalt Rings,Caleb Sapphire,2100,1,2024-02-08T01:41:45.000Z,https://universalis.app/market/5084
2886,Felt Beret,Aerin Reece,44990,1,2024-02-05T23:53:24.000Z,https://universalis.app/market/2886
2888,Vintage Coif,Kraze Norrix,35000,1,2024-02-18T19:56:47.000Z,https://universalis.app/market/2888
2759,Torn Coif,Fenrir Stormbringer,25000,1,2024-02-17T03:01:59.000Z,https://universalis.app/market/2759
2891,Felt Cavalier's Hat,Celes Cherie,62000,1,2024-02-05T18:26:29.000Z,https://universalis.app/market/2891
2893,Cobalt Sallet,Lusserina Vul,70000,1,2024-02-04T19:34:01.000Z,https://universalis.app/market/2893
2895,Patrician's Wedge Cap,Artanaro Anirniq,49999,1,2024-02-06T01:56:03.000Z,https://universalis.app/market/2895
2911,Militia Barbut,Iza Khano,7777,1,2024-03-01T08:02:19.000Z,https://universalis.app/market/2911
2912,Militia Armet,Bun Strife,1197,1,2024-02-22T06:03:23.000Z,https://universalis.app/market/2912
2913,Militia Hat,Mako Belnades,2995,1,2024-02-04T13:58:26.000Z,https://universalis.app/market/2913
2915,Silver Tricorne,Dezkiimro Avagnar,12000,1,2024-02-18T09:50:21.000Z,https://universalis.app/market/2915
5287,Uraeus Leather,Ashvena Maq'to,8000,2,2024-02-15T09:43:53.000Z,https://universalis.app/market/5287
2921,Blacksmith's Goggles,Dermot Elakha,20999,1,2024-02-06T00:36:45.000Z,https://universalis.app/market/2921
2923,Goldsmith's Turban,Illidas Avalee,48801,1,2024-02-10T03:55:00.000Z,https://universalis.app/market/2923
2925,Weaver's Gibus,Azazel Blaze,60072,1,2024-02-06T05:01:21.000Z,https://universalis.app/market/2925
2926,Alchemist's Monocle,Azazel Blaze,34000,1,2024-02-07T08:07:26.000Z,https://universalis.app/market/2926
2927,Culinarian's Hat,Aerin Reece,10000,1,2024-02-05T23:54:24.000Z,https://universalis.app/market/2927
2928,Hamlet Digger's Helmet,Ciri Destajador-a,55000,1,2024-02-08T08:15:04.000Z,https://universalis.app/market/2928
2929,Hamlet Cutter's Hat,Reede Djt-dvre,69999,1,2024-02-16T10:29:31.000Z,https://universalis.app/market/2929
2930,Hamlet Puller's Hat,Eeeeek Hessmall,23000,1,2024-02-08T01:56:33.000Z,https://universalis.app/market/2930
2932,Rose Gold Circlet,Kiri Snowfoxx,4210,1,2024-02-11T00:05:02.000Z,https://universalis.app/market/2932
2931,Legionary Visor,Willowgrace Riversong,50000000,1,2024-02-28T19:43:55.000Z,https://universalis.app/market/2931
5067,Rose Gold Ingot,Drakey Dragon,805,1,2024-02-26T04:18:56.000Z,https://universalis.app/market/5067
2934,Imperial Operative Hat,Shiohei Namikaze,4987,1,2024-02-05T17:07:34.000Z,https://universalis.app/market/2934
2938,Gryphonskin Bandana,Silvia Mehdre,3000,1,2024-02-17T18:43:16.000Z,https://universalis.app/market/2938
5289,Hard Hippogryph Leather,Cyran Ashura,7777,1,2024-02-11T16:01:23.000Z,https://universalis.app/market/5289
2939,Gryphonskin Hat,Lekaka Leka,1920,1,2024-02-18T03:18:40.000Z,https://universalis.app/market/2939
2940,Darksteel Chain Coif,Sadie Mistwalker,3282,1,2024-02-29T08:17:31.000Z,https://universalis.app/market/2940
5085,Darksteel Rings,Sarangerel Kha,495,2,2024-02-04T05:45:43.000Z,https://universalis.app/market/5085
2941,Vanya Hat of Casting,Oni Turtle,9449,1,2024-02-10T23:17:18.000Z,https://universalis.app/market/2941
5577,Vanya Silk Hat Lining,Didrianna Winterset,2024,2,2024-02-15T03:47:39.000Z,https://universalis.app/market/5577
2942,Vanya Hat of Healing,Karashi Yarashi,9192,1,2024-02-19T05:47:18.000Z,https://universalis.app/market/2942
2958,Hempen Dalmatica,Clown Chan,118000000,1,2024-03-02T16:29:23.000Z,https://universalis.app/market/2958
2959,Hempen Dalmatica of Gathering,Clown Chan,120000000,1,2024-02-27T18:39:16.000Z,https://universalis.app/market/2959
2960,Hempen Tunic,Osknru Xbfikm,450000000,1,2024-02-12T01:47:08.000Z,https://universalis.app/market/2960
2961,Hempen Kurta,Raikyo Deus,38500000,1,2024-02-05T05:20:39.000Z,https://universalis.app/market/2961
2993,Company Tabard,Miya Harper,1300001,1,2024-02-04T00:51:55.000Z,https://universalis.app/market/2993
2996,Hempen Undershirt,Riven Zatoshi,25000,1,2024-02-10T00:24:04.000Z,https://universalis.app/market/2996
2997,Hempen Camise,Lolene Cambor,19000,1,2024-02-07T23:48:06.000Z,https://universalis.app/market/2997
2999,Hempen Tabard,Z'uan Nyx,19994,1,2024-02-09T23:36:51.000Z,https://universalis.app/market/2999
3000,Hempen Cowl,Shi Tsu,25000000,1,2024-02-20T23:17:21.000Z,https://universalis.app/market/3000
3001,Hempen Shepherd's Tunic,Z'uan Nyx,40000,1,2024-02-13T12:51:21.000Z,https://universalis.app/market/3001
3008,Hempen Acton,Caseyo Abbacchio,3000,1,2024-02-09T23:30:00.000Z,https://universalis.app/market/3008
5341,Moko Grass,Mera Gilland,985,1,2024-02-20T19:21:26.000Z,https://universalis.app/market/5341
3010,Hempen Halfrobe,Tataruu Taru,8999,1,2024-02-14T23:41:49.000Z,https://universalis.app/market/3010
3011,Bronze Haubergeon,Hydira Veltryx,20000,1,2024-02-16T18:02:02.000Z,https://universalis.app/market/3011
3013,Amateur's Doublet Vest,Adisa Pawstrum,25000,1,2024-02-28T04:18:05.000Z,https://universalis.app/market/3013
3014,Amateur's Kurta,Solani Vale,10000,1,2024-02-26T05:15:44.000Z,https://universalis.app/market/3014
3015,Amateur's Dalmatica,Vandal Vlad,20000,1,2024-02-28T01:41:37.000Z,https://universalis.app/market/3015
3016,Leather Jacket,Alphen Harlock,5000,1,2024-02-06T23:09:28.000Z,https://universalis.app/market/3016
3017,Hard Leather Harness,Bim Danglefield,4000,1,2024-02-09T23:20:13.000Z,https://universalis.app/market/3017
3018,Hempen Robe,Riven Zatoshi,10000,1,2024-02-15T04:00:59.000Z,https://universalis.app/market/3018
3019,Hempen Doublet Vest of Crafting,Naruto Vowels,5000,1,2024-02-24T14:43:41.000Z,https://universalis.app/market/3019
3020,Hempen Doublet Vest of Gathering,Mono Fotymos,18500,1,2024-02-09T04:39:36.000Z,https://universalis.app/market/3020
3022,Cotton Shirt,Dino Punch-kick,4000,1,2024-02-11T16:52:16.000Z,https://universalis.app/market/3022
3023,Cotton Shepherd's Tunic,Cvetko Zorasch,20000,1,2024-02-11T14:29:43.000Z,https://universalis.app/market/3023
3024,Cotton Cowl,Kan Po,320000000,1,2024-02-16T23:31:02.000Z,https://universalis.app/market/3024
3026,Bronze Cuirass,Soft Paws,9800,1,2024-02-15T09:21:24.000Z,https://universalis.app/market/3026
3028,Cotton Tabard,Zenith Gray,16000,1,2024-02-06T06:03:33.000Z,https://universalis.app/market/3028
3036,Cotton Dalmatica,Ime Tachibana,20000,1,2024-02-05T22:49:59.000Z,https://universalis.app/market/3036
3038,Cotton Dalmatica of Gathering,Riub Glazewind,34999,1,2024-02-20T17:23:59.000Z,https://universalis.app/market/3038
3039,Cotton Acton,Lelouch Le'meow,400000000,1,2024-02-18T15:06:30.000Z,https://universalis.app/market/3039
3041,Cotton Kurta,Myth Drannor,75000,1,2024-02-13T18:42:04.000Z,https://universalis.app/market/3041
3043,Goatskin Jacket,Eschina Blacke,800,1,2024-02-05T13:04:02.000Z,https://universalis.app/market/3043
3045,Iron Cuirass,Adel Pandora,10000,1,2024-02-10T23:18:21.000Z,https://universalis.app/market/3045
3050,Cotton Halfrobe,Memories Eternal,50000,1,2024-02-23T02:40:52.000Z,https://universalis.app/market/3050
3052,Cotton Doublet Vest of Crafting,Elextri Natmi,55500,1,2024-02-12T19:13:18.000Z,https://universalis.app/market/3052
3053,Cotton Doublet Vest of Gathering,Dino Punch-kick,22500,1,2024-02-11T17:28:17.000Z,https://universalis.app/market/3053
3057,Iron Scale Mail,Steevon Dejiki,30000,1,2024-02-25T02:22:29.000Z,https://universalis.app/market/3057
3060,Cotton Trapper's Tunic,Hinako Kazoku,9499,1,2024-02-14T21:58:46.000Z,https://universalis.app/market/3060
3062,Cotton Robe,Kydo Viridis,75000,1,2024-02-07T02:38:56.000Z,https://universalis.app/market/3062
3064,Initiate's Doublet Vest,Bim Danglefield,22499,1,2024-02-08T00:30:35.000Z,https://universalis.app/market/3064
3065,Initiate's Gown,A'ri Tristitia,11999,1,2024-02-24T07:42:41.000Z,https://universalis.app/market/3065
3066,Velveteen Shirt,Sirius Berg,60000,1,2024-02-25T01:32:36.000Z,https://universalis.app/market/3066
3068,Heavy Iron Armor,Necro Fernandes,5000,1,2024-02-12T22:51:30.000Z,https://universalis.app/market/3068
3076,Vintage Coatee,Tesah Sovi,11890,1,2024-02-05T02:56:42.000Z,https://universalis.app/market/3076
3009,Moth-eaten Coatee,Kyari Morningstar,20000000,1,2024-02-17T05:21:36.000Z,https://universalis.app/market/3009
3077,Velveteen Coatee of Crafting,Loija Djt-gilda,49899,1,2024-02-22T17:56:54.000Z,https://universalis.app/market/3077
3090,Velveteen Cowl,Brave Sparrow,25000,1,2024-02-15T17:32:11.000Z,https://universalis.app/market/3090
3092,Velveteen Coatee of Gathering,Cirilla White,14000,1,2024-02-04T19:38:10.000Z,https://universalis.app/market/3092
3096,Steel Chainmail,Z'nieri Liadona,44444,1,2024-02-27T01:21:46.000Z,https://universalis.app/market/3096
5083,Steel Rings,Val Maerion,2500,3,2024-02-23T18:55:22.000Z,https://universalis.app/market/5083
3099,Toadskin Jerkin,Reina Sarnai,30040,1,2024-02-19T04:44:02.000Z,https://universalis.app/market/3099
3100,Toadskin Jacket,Shize Hilkos,49000,1,2024-02-20T19:27:21.000Z,https://universalis.app/market/3100
3102,Steel Cuirass,Lilith Diabolus,6500,1,2024-02-27T22:51:19.000Z,https://universalis.app/market/3102
3104,Velveteen Gown,Kohaku Kurohana,67900,1,2024-02-04T17:25:32.000Z,https://universalis.app/market/3104
3105,Vintage Doublet Vest,Valek Thunderfist,35000,1,2024-02-04T11:44:59.000Z,https://universalis.app/market/3105
2998,Frayed Cotton Doublet Vest,Nambi Ferrara,7600,1,2024-02-21T07:44:41.000Z,https://universalis.app/market/2998
3106,Velveteen Robe,Elextri Natmi,68000,1,2024-02-19T14:44:52.000Z,https://universalis.app/market/3106
3118,Steel Scale Mail,Salamander Sam,50000,1,2024-02-08T16:26:05.000Z,https://universalis.app/market/3118
3120,Velveteen Doublet Vest of Crafting,Mo Amazin,39999,1,2024-02-28T21:49:00.000Z,https://universalis.app/market/3120
3121,Velveteen Doublet Vest of Gathering,King Bucket,30050,1,2024-02-18T20:38:14.000Z,https://universalis.app/market/3121
3125,Linen Shirt,Ayase Mori,29999,1,2024-02-14T05:27:59.000Z,https://universalis.app/market/3125
3127,Heavy Steel Armor,Salamander Sam,20000,1,2024-02-17T21:11:52.000Z,https://universalis.app/market/3127
3131,Linen Robe,Meringue Vanille,50062,1,2024-02-27T17:58:10.000Z,https://universalis.app/market/3131
3137,Vintage Chef's Apron,Elextri Natmi,200000,1,2024-02-13T02:14:43.000Z,https://universalis.app/market/3137
3012,Stained Chef's Apron,Katie Lokidottir,25400,1,2024-02-06T08:35:36.000Z,https://universalis.app/market/3012
3138,Boarskin Harness,Ischittz Hachi,399999,1,2024-02-14T03:14:30.000Z,https://universalis.app/market/3138
3140,Linen Cowl,Claire Wolfwind,22500,1,2024-02-08T05:06:46.000Z,https://universalis.app/market/3140
3142,Horn Scale Mail,Kastor Lastrad,33000,1,2024-02-19T16:19:24.000Z,https://universalis.app/market/3142
3144,Linen Coatee of Crafting,Rune Lightscale,17500,1,2024-02-20T01:25:49.000Z,https://universalis.app/market/3144
3145,Linen Coatee of Gathering,Hydira Veltryx,30000,1,2024-02-05T23:42:16.000Z,https://universalis.app/market/3145
3146,Linen Bliaud,Blue Hiei,15000,1,2024-02-24T19:58:33.000Z,https://universalis.app/market/3146
3147,Woolen Shirt,Aerin Reece,22500,1,2024-02-09T04:50:20.000Z,https://universalis.app/market/3147
3149,Mythril Cuirass,Grace Noble,39000,1,2024-02-06T04:17:06.000Z,https://universalis.app/market/3149
3160,Woolen Robe,U'mai Gyo,25000,1,2024-02-20T16:03:38.000Z,https://universalis.app/market/3160
3162,Linen Smock,Vifer Abyss,30000,1,2024-02-07T08:51:34.000Z,https://universalis.app/market/3162
3163,Linen Doublet,Astray Eclipse,34000,1,2024-02-08T04:18:48.000Z,https://universalis.app/market/3163
3164,Vintage Scale Mail,Aleph Zero,25087,1,2024-02-29T22:35:07.000Z,https://universalis.app/market/3164
3021,Blackened Scale Mail,Venrinn Hotep,20000,1,2024-02-12T18:02:09.000Z,https://universalis.app/market/3021
3165,Peisteskin Harness,Brathgar Inivisch,50000,1,2024-02-05T04:10:38.000Z,https://universalis.app/market/3165
3172,Ranger's Tunic,Samuel Sojourner,23999,1,2024-02-19T00:16:02.000Z,https://universalis.app/market/3172
3174,Mythril Haubergeon,Zansetsu Botan,50000,1,2024-02-14T10:25:42.000Z,https://universalis.app/market/3174
3176,Woolen Gown,Ayase Mori,39999,1,2024-02-14T05:29:06.000Z,https://universalis.app/market/3176
3177,Boarskin Jerkin,Ime Tachibana,40000,1,2024-02-07T01:30:20.000Z,https://universalis.app/market/3177
3178,Woolen Bliaud,Athena Darkpromise,4000,1,2024-02-17T15:48:56.000Z,https://universalis.app/market/3178
3180,High Mythril Armor,Tira Minou,29000,1,2024-02-14T05:16:54.000Z,https://universalis.app/market/3180
3182,Vintage Seneschal Coatee,Kittyclowns Whitemask,34000,1,2024-02-23T19:37:30.000Z,https://universalis.app/market/3182
3098,Moth-eaten Seneschal Coatee,Mariposa Muscadet,5000,1,2024-02-21T04:03:15.000Z,https://universalis.app/market/3098
3183,Tortoiseshell Scale Mail,Ryteor Vannes,33000,1,2024-02-18T20:16:44.000Z,https://universalis.app/market/3183
3185,Felt Robe,Masuyamoni Miki,25094,1,2024-02-16T00:03:21.000Z,https://universalis.app/market/3185
3187,Woolen Smock,Rare Beauty,14900,1,2024-02-26T20:56:57.000Z,https://universalis.app/market/3187
3188,Woolen Doublet,Misti Dragonsfire,19999,1,2024-02-04T01:55:45.000Z,https://universalis.app/market/3188
3191,Raptorskin Harness,Darius Huntington,25000,1,2024-02-10T01:20:48.000Z,https://universalis.app/market/3191
3193,Woolen Cowl,Fat Smelly,10000,1,2024-02-06T12:56:30.000Z,https://universalis.app/market/3193
3201,Rainmaker's Tunic,Jacob Pritchard,25000,1,2024-02-18T04:20:36.000Z,https://universalis.app/market/3201
3203,Cobalt Haubergeon,Kujan Kai,55000,1,2024-02-06T12:29:49.000Z,https://universalis.app/market/3203
3205,Felt Gown,Dixie Nesquik,55000,1,2024-02-05T01:35:05.000Z,https://universalis.app/market/3205
3206,Raptorskin Jerkin,Minor Inconvenience,49999,1,2024-02-10T11:07:43.000Z,https://universalis.app/market/3206
3208,Vintage Robe,Olivia Layne,69999,1,2024-02-08T00:29:00.000Z,https://universalis.app/market/3208
3209,Cobalt Cuirass,Zucc Hini,5500,1,2024-02-19T09:37:01.000Z,https://universalis.app/market/3209
3211,Felt Bliaud,Ladybug Kay,57800,1,2024-02-10T01:57:15.000Z,https://universalis.app/market/3211
3213,Raptorskin Jacket,Sigurd Snow-hair,50105,1,2024-02-18T14:58:22.000Z,https://universalis.app/market/3213
3215,Patrician's Coatee,Akagi Daitou,49999,1,2024-02-12T02:16:30.000Z,https://universalis.app/market/3215
3218,Vintage Haubergeon,Azael Berry,30000,1,2024-02-06T08:31:51.000Z,https://universalis.app/market/3218
3059,Ripped Haubergeon,Sefi Asta,999,1,2024-02-09T08:53:37.000Z,https://universalis.app/market/3059
3230,Blacksmith's Apron,Dermot Elakha,26297,1,2024-02-06T00:35:17.000Z,https://universalis.app/market/3230
3231,Armorer's Gown,Flux Fallheart,33999,1,2024-02-19T05:06:05.000Z,https://universalis.app/market/3231
3236,Culinarian's Apron,Islandi Ellesmira,50000,1,2024-02-14T04:27:30.000Z,https://universalis.app/market/3236
3237,Miner's Shirt,Rocket Starlight,70000,1,2024-02-05T15:19:45.000Z,https://universalis.app/market/3237
3238,Botanist's Doublet,Reede Djt-dvre,69900,1,2024-02-16T10:30:06.000Z,https://universalis.app/market/3238
3239,Fisher's Shirt,Kira Habieru,50000,1,2024-02-21T02:47:50.000Z,https://universalis.app/market/3239
3240,Militia Robe,Mako Belnades,3983,1,2024-02-04T13:58:12.000Z,https://universalis.app/market/3240
3241,Militia Cuirass,Fire Ashes,6999,1,2024-02-04T02:46:30.000Z,https://universalis.app/market/3241
3242,Militia Harness,Aerin Reece,47799,1,2024-02-13T15:41:35.000Z,https://universalis.app/market/3242
3243,Mosshorn Scale Mail,Zer'o Two,7000,1,2024-02-04T01:42:03.000Z,https://universalis.app/market/3243
5437,Mossy Horn,Ulysses Suul,10000000,1,2024-02-20T01:06:03.000Z,https://universalis.app/market/5437
3244,Dodore Doublet,Edalene Addo,51000000,1,2024-02-07T06:34:49.000Z,https://universalis.app/market/3244
5286,Dodore Leather,Nishi Il,2999,1,2024-02-11T01:26:42.000Z,https://universalis.app/market/5286
3249,Imperial Operative Dalmatica,Adhd Brain,1991,1,2024-03-01T16:00:56.000Z,https://universalis.app/market/3249
3256,Heavy Darksteel Armor,Rhy Sumi,3880,1,2024-02-18T04:24:35.000Z,https://universalis.app/market/3256
5585,Darksteel Breastplate,Didrianna Winterset,2000,2,2024-02-15T03:49:26.000Z,https://universalis.app/market/5585
3257,Darksteel Haubergeon,Lune Marpierre,2375,1,2024-02-14T01:26:25.000Z,https://universalis.app/market/3257
5105,Garlean Steel Plate,Mint Juleps,19999,2,2024-02-06T02:39:12.000Z,https://universalis.app/market/5105
3258,Gryphonskin Jerkin,Vero Kraine,7122,1,2024-02-07T01:14:09.000Z,https://universalis.app/market/3258
5290,Coeurl Fur,Eisen Yogensha,150,2,2024-02-28T03:55:36.000Z,https://universalis.app/market/5290
5581,Gryphonskin Shoulder Guards,Didrianna Winterset,1800,1,2024-02-04T02:41:45.000Z,https://universalis.app/market/5581
3259,Gryphonskin Tunic,Alain Kazpa,2000,1,2024-02-06T22:39:28.000Z,https://universalis.app/market/3259
5104,Garlean Steel Joint,Azazel Blaze,54875,1,2024-02-06T16:54:56.000Z,https://universalis.app/market/5104
3260,Vanya Robe of Casting,Sebastian Michaelson,4444,1,2024-02-07T02:12:09.000Z,https://universalis.app/market/3260
5578,Vanya Silk Robe Lining,Didrianna Winterset,1250,1,2024-02-04T02:41:15.000Z,https://universalis.app/market/5578
3261,Vanya Robe of Healing,Karashi Yarashi,1942,1,2024-02-19T05:42:44.000Z,https://universalis.app/market/3261
3274,Hempen Breeches,Captain Toaster,30000,1,2024-02-05T01:55:05.000Z,https://universalis.app/market/3274
3275,Hempen Breeches of Crafting,Tenysce Motif,500,1,2024-02-24T08:09:22.000Z,https://universalis.app/market/3275
3276,Hempen Shepherd's Slops,Krex Reed,50000,1,2024-02-16T23:29:27.000Z,https://universalis.app/market/3276
3307,Hempen Underpants,Z'uan Nyx,9666,1,2024-02-06T00:24:32.000Z,https://universalis.app/market/3307
3308,Hempen Pantalettes,Sasha Moonglow,110744500,1,2024-02-24T08:31:37.000Z,https://universalis.app/market/3308
3309,Hempen Chausses,Khaja Mol,5000,1,2024-02-04T23:53:02.000Z,https://universalis.app/market/3309
3310,Leather Culottes,U'nanami Hime,50000,1,2024-02-12T18:17:17.000Z,https://universalis.app/market/3310
3311,Hempen Sarouel,Tekashi' Sixtynine',1000000,1,2024-02-11T22:44:28.000Z,https://universalis.app/market/3311
3312,Hempen Tights,Princess Shortcake,439950000,1,2024-02-07T06:51:22.000Z,https://universalis.app/market/3312
3313,Hempen Kecks,Apollymi Katistrafi,24999,1,2024-02-27T00:12:54.000Z,https://universalis.app/market/3313
3314,Hempen Gaskins,Kren Bot,15000,1,2024-02-18T03:56:19.000Z,https://universalis.app/market/3314
