id,name,buyerName,pricePerUnit,quantity,timestamp,universalisUrl
1602,Bronze Bastard Sword,Fire Afrit,90000000,1,2024-04-24T21:08:55.000Z,https://universalis.app/market/1602
2,Fire Shard,Zex Fangrir,1000,14,2024-05-02T22:22:42.000Z,https://universalis.app/market/2
5,Earth Shard,Blue Nova,600,500,2024-05-08T02:39:20.000Z,https://universalis.app/market/5
5056,Bronze Ingot,Vanilla Yogurt,3999,6,2024-04-30T00:42:29.000Z,https://universalis.app/market/5056
5361,Maple Lumber,Travesty Rivia,502,2,2024-04-23T02:03:37.000Z,https://universalis.app/market/5361
5432,Bone Chip,Jin Toji,170,99,2024-04-25T06:08:48.000Z,https://universalis.app/market/5432
1603,Viking Sword,Gigolo Byte,17998,1,2024-05-12T00:29:37.000Z,https://universalis.app/market/1603
5275,Leather,Iki Hiyorii,399,1,2024-05-17T12:17:17.000Z,https://universalis.app/market/5275
1604,Ash Macuahuitl,Camilla Darkness,999,1,2024-05-05T03:33:14.000Z,https://universalis.app/market/1604
3,Ice Shard,Yoshii Piere,1000,20,2024-05-11T19:05:06.000Z,https://universalis.app/market/3
4,Wind Shard,Blue Nova,5001,100,2024-05-08T02:38:44.000Z,https://universalis.app/market/4
5124,Obsidian,Yerentai Haragin,500,10,2024-05-18T04:25:20.000Z,https://universalis.app/market/5124
5364,Ash Lumber,Imtrash Hannah,1000,3,2024-05-06T04:00:47.000Z,https://universalis.app/market/5364
1605,Bronze Spatha,Mtn-dew' Black-cherry,6500,1,2024-05-10T19:27:04.000Z,https://universalis.app/market/1605
5276,Hard Leather,Lord Valkyrie,500,17,2024-04-23T09:13:03.000Z,https://universalis.app/market/5276
5434,Ram Horn,Darkeve Delholm,400,99,2024-05-11T01:12:03.000Z,https://universalis.app/market/5434
1607,Brass Bastard Sword,Abraham Vanhelsing,4969,1,2024-05-18T18:17:03.000Z,https://universalis.app/market/1607
5063,Brass Ingot,Jin Toji,2000,43,2024-04-25T09:37:47.000Z,https://universalis.app/market/5063
1609,Brass Viking Sword,Harriet Montgomery,10011,1,2024-05-05T22:13:54.000Z,https://universalis.app/market/1609
5277,Aldgoat Leather,Mjara Rose,3599,2,2024-05-12T00:22:21.000Z,https://universalis.app/market/5277
1611,Carnage Sword,Earlthe Gray,1500,1,2024-04-22T02:21:29.000Z,https://universalis.app/market/1611
1614,Iron Shortsword,Artemis Finn,2500,1,2024-05-15T07:45:03.000Z,https://universalis.app/market/1614
5057,Iron Ingot,Nagato- Uzumaki,1000,1,2024-05-04T23:28:48.000Z,https://universalis.app/market/5057
5367,Elm Lumber,Bubuzan Chachazan,1200,99,2024-05-15T05:50:48.000Z,https://universalis.app/market/5367
1622,Iron Spatha,Flying Pillow,3000,1,2024-05-07T14:30:56.000Z,https://universalis.app/market/1622
5435,Antelope Horn,Copper Vine,2300,1,2024-05-12T23:18:54.000Z,https://universalis.app/market/5435
1625,Steel Broadsword,Token Eastwood,16000,1,2024-05-04T23:21:29.000Z,https://universalis.app/market/1625
5058,Steel Ingot,Kiri Mhirno,2500,1,2024-04-25T02:28:16.000Z,https://universalis.app/market/5058
5371,Walnut Lumber,Mystery Highwind,5000,1,2024-05-07T12:12:36.000Z,https://universalis.app/market/5371
5444,Wolf Fang,Nyx Higurashi,1233,12,2024-04-28T02:45:28.000Z,https://universalis.app/market/5444
1627,Elm Macuahuitl,Caffeine Demon,2800,1,2024-04-23T12:20:17.000Z,https://universalis.app/market/1627
1633,Steel Falchion,About Blank,29900,1,2024-04-25T23:14:05.000Z,https://universalis.app/market/1633
5260,Siltstone Whetstone,Mariska Divine,2500,2,2024-05-15T06:10:13.000Z,https://universalis.app/market/5260
1635,Vintage Bastard Sword,Welos Aldmeira,7777,1,2024-05-04T12:53:59.000Z,https://universalis.app/market/1635
8,Fire Crystal,Loe Punni,99,9000,2024-05-19T03:07:01.000Z,https://universalis.app/market/8
5259,Mudstone Whetstone,Mango Grande,1000,1,2024-05-16T00:06:44.000Z,https://universalis.app/market/5259
1637,Walnut Macuahuitl,Jean-paul Frogtre,8500,1,2024-04-30T00:38:49.000Z,https://universalis.app/market/1637
5125,Wyvern Obsidian,N'yowdy Partner,100,15,2024-04-22T21:15:45.000Z,https://universalis.app/market/5125
1639,Steel Longsword,Sophia Z'ee,30000,1,2024-04-23T17:23:42.000Z,https://universalis.app/market/1639
5504,Fish Glue,Miles Bishop,1900,2,2024-05-18T05:36:38.000Z,https://universalis.app/market/5504
1642,Goblin Scimitar,Kehva Zinthnala,7776,1,2024-04-26T16:56:12.000Z,https://universalis.app/market/1642
1613,Blunt Goblin Scimitar,J'wehli Fasaxo,1033,1,2024-05-13T01:47:16.000Z,https://universalis.app/market/1613
1643,Mythril Broadsword,Ciaran Camoa,48000,1,2024-04-28T03:29:54.000Z,https://universalis.app/market/1643
5065,Mythril Ingot,Finwick Shorttail,2000,1,2024-04-25T01:26:39.000Z,https://universalis.app/market/5065
5373,Oak Lumber,Grimes Album,2002,11,2024-05-15T16:30:00.000Z,https://universalis.app/market/5373
1648,Vintage Viking Sword,Storm Nyteweaver,50000,1,2024-05-04T04:40:40.000Z,https://universalis.app/market/1648
11,Earth Crystal,Cole Digiorno,400,402,2024-05-19T01:29:57.000Z,https://universalis.app/market/11
1616,Nicked Viking Sword,Cesia Daegar,17999,1,2024-04-30T23:01:19.000Z,https://universalis.app/market/1616
1649,Goblin Longsword,Boup Boop,19999,1,2024-04-30T02:01:33.000Z,https://universalis.app/market/1649
1621,Blunt Goblin Longsword,Kurt Wagner,4049,1,2024-04-22T05:21:21.000Z,https://universalis.app/market/1621
5262,Basilisk Whetstone,Sylveine Maelstrom,2500,13,2024-04-28T23:52:51.000Z,https://universalis.app/market/5262
1650,Plumed Oak Macuahuitl,Jean-paul Frogtre,27950,1,2024-05-07T00:36:01.000Z,https://universalis.app/market/1650
5360,Wildfowl Feather,Porter Lapof,1000,2,2024-05-12T04:34:04.000Z,https://universalis.app/market/5360
1657,Cobalt Katzbalger,Donovan Killinger,2960,1,2024-05-06T03:43:58.000Z,https://universalis.app/market/1657
5059,Cobalt Ingot,Motoko Kusanyagi,7200,1,2024-05-11T21:30:33.000Z,https://universalis.app/market/5059
5066,Electrum Ingot,Chiull Malqir,7500,1,2024-05-16T08:42:11.000Z,https://universalis.app/market/5066
5282,Boar Leather,Arwynn Ty'vesta,7000,1,2024-05-18T02:30:48.000Z,https://universalis.app/market/5282
1659,Cobalt Shamshir,Sager Blood-goddess,34069,1,2024-04-27T22:22:56.000Z,https://universalis.app/market/1659
5436,Aldgoat Horn,Taco Pizza,500000,1,2024-04-22T22:58:03.000Z,https://universalis.app/market/5436
1663,Cobalt Winglet,Faie Faie,52199,1,2024-04-24T01:14:49.000Z,https://universalis.app/market/1663
5374,Mahogany Lumber,Ash Takemura,3500,1,2024-04-28T00:03:12.000Z,https://universalis.app/market/5374
5465,Sunrise Tellin,Koruria Urabon,500,1,2024-04-23T01:42:17.000Z,https://universalis.app/market/5465
5505,Horn Glue,Azrael Morana,6000,1,2024-04-24T23:56:45.000Z,https://universalis.app/market/5505
1666,Giantsgall Longsword,Kurt Wagner,6500,1,2024-04-28T08:13:26.000Z,https://universalis.app/market/1666
18,Lightning Cluster,Srinshee Wynd,1001,5,2024-05-15T00:54:56.000Z,https://universalis.app/market/18
19,Water Cluster,Neo Cadenza,400,100,2024-04-23T23:23:25.000Z,https://universalis.app/market/19
7579,Mossy Stone Sword,Raf Al,999,1,2024-04-27T17:29:43.000Z,https://universalis.app/market/7579
7620,Diluted Vitriol,Topher Lee,900,2,2024-05-06T01:56:17.000Z,https://universalis.app/market/7620
1670,Aeolian Scimitar,Nymeia Twilight,59900,1,2024-04-28T22:53:50.000Z,https://universalis.app/market/1670
1636,Blunt Aeolian Scimitar,Welsh Barrett,9059,1,2024-04-29T03:18:01.000Z,https://universalis.app/market/1636
5061,Darksteel Nugget,Miller Star,6000,1,2024-05-05T12:12:31.000Z,https://universalis.app/market/5061
1673,Mailbreaker,Araya Raine,2000,1,2024-04-23T21:37:03.000Z,https://universalis.app/market/1673
14,Fire Cluster,Ulysses Rose,1001,2,2024-05-19T20:23:02.000Z,https://universalis.app/market/14
17,Earth Cluster,Karrus Hargrave,1001,12,2024-05-13T11:54:35.000Z,https://universalis.app/market/17
5068,Rose Gold Nugget,Ularl Faladorin,10000,2,2024-05-11T05:24:14.000Z,https://universalis.app/market/5068
5288,Hippogryph Leather,David Cal,2999,1,2024-05-03T17:55:25.000Z,https://universalis.app/market/5288
5570,Mailbreaker Blade,Cedrik Winterbane,2100,1,2024-05-11T02:53:42.000Z,https://universalis.app/market/5570
1681,Bone Hora,Ilnori Lavellan,20000,1,2024-04-28T14:07:18.000Z,https://universalis.app/market/1681
5318,Animal Sinew,Chiull Malqir,500,2,2024-05-18T09:42:48.000Z,https://universalis.app/market/5318
1682,Leather Himantes,Map Lock,4795,1,2024-04-27T04:48:34.000Z,https://universalis.app/market/1682
5324,Undyed Hempen Cloth,Wolf Zezia,500,99,2024-05-04T03:05:52.000Z,https://universalis.app/market/5324
1683,Ramhorn Claws,Morgan Redfang,4000,1,2024-04-26T00:57:59.000Z,https://universalis.app/market/1683
1684,Bronze Knuckles,Helmiknok Dadestoryer,9008,1,2024-05-08T20:30:50.000Z,https://universalis.app/market/1684
1685,Hard Leather Himantes,Umi Takahashi,578,1,2024-05-11T20:50:12.000Z,https://universalis.app/market/1685
1686,Brass Knuckles,Wax-on Wax-off,10019,1,2024-05-06T20:14:21.000Z,https://universalis.app/market/1686
1688,Goatskin Cesti,Panterra Rygar,4999,1,2024-05-07T00:39:14.000Z,https://universalis.app/market/1688
5319,Beast Sinew,Silas Othemaas,290,32,2024-04-24T10:48:24.000Z,https://universalis.app/market/5319
1694,Spiked Knuckles,Kanibal Klown,5000,1,2024-04-23T02:40:07.000Z,https://universalis.app/market/1694
5072,Iron Plate,Koruria Urabon,750,2,2024-04-27T19:40:44.000Z,https://universalis.app/market/5072
1697,Toadskin Cesti,Dazaii Osamu,4861,1,2024-05-09T22:35:37.000Z,https://universalis.app/market/1697
5280,Toad Leather,Surla Shinobi,4000000,1,2024-05-16T00:34:21.000Z,https://universalis.app/market/5280
5320,Diremite Sinew,Zacharius Saerion,1000,2,2024-04-23T03:45:55.000Z,https://universalis.app/market/5320
1699,Steel Claws,Mesa Boogie,5000,1,2024-04-23T02:28:58.000Z,https://universalis.app/market/1699
5073,Steel Plate,Tsuru Teachan,2000,1,2024-05-18T16:03:25.000Z,https://universalis.app/market/5073
1706,Crabshell Hora,Astoria Vale,24000,1,2024-04-27T09:21:47.000Z,https://universalis.app/market/1706
5321,Hippogryph Sinew,Starlight Dreamweaver,9999,31,2024-05-13T01:58:25.000Z,https://universalis.app/market/5321
5456,Green Megalocrab Shell,Shiya Blackstone,50,6,2024-04-22T17:45:44.000Z,https://universalis.app/market/5456
1708,Boarskin Himantes,Van Haigood,12000,1,2024-04-25T11:02:13.000Z,https://universalis.app/market/1708
1711,Mythril Claws,Kittu Alustar,50000,1,2024-04-30T20:15:37.000Z,https://universalis.app/market/1711
5079,Mythril Plate,Junko Desbear,9999,2,2024-04-23T22:27:11.000Z,https://universalis.app/market/5079
1716,Tortoiseshell Hora,Asano Rahl-majere,7799,1,2024-04-28T16:13:53.000Z,https://universalis.app/market/1716
5322,Raptor Sinew,Kelvari Stargazer,1500,1,2024-05-03T07:59:57.000Z,https://universalis.app/market/5322
5458,Adamantoise Shell,Chururu Churu,95,1,2024-05-05T13:32:48.000Z,https://universalis.app/market/5458
1723,Cobalt Knuckles,Tiugh Athair,55000,1,2024-04-23T16:46:57.000Z,https://universalis.app/market/1723
1728,Peisteskin Cesti,Asuka Wake,1992,1,2024-05-03T20:30:39.000Z,https://universalis.app/market/1728
5284,Peiste Leather,Astaralynn Foreshadow,1500,18,2024-05-19T03:40:32.000Z,https://universalis.app/market/5284
1732,Vintage Hora,Bryan Ultima,1999,1,2024-05-01T01:29:05.000Z,https://universalis.app/market/1732
1701,Chipped Hora,Ish Tarataru,10000000,1,2024-05-12T00:35:39.000Z,https://universalis.app/market/1701
5285,Raptor Leather,Momo Mocha,1001,1,2024-05-13T07:58:12.000Z,https://universalis.app/market/5285
1733,Cobalt Claws,Xyvyra Liadon,20000,1,2024-04-26T01:45:31.000Z,https://universalis.app/market/1733
5074,Cobalt Plate,Kali Virac,8000,2,2024-04-29T23:30:13.000Z,https://universalis.app/market/5074
7581,Mossy Stone Claws,Lancelot Niterode,21,1,2024-04-24T10:42:51.000Z,https://universalis.app/market/7581
1740,Wildling's Cesti,Lore Amicitia,59699,1,2024-04-23T03:22:55.000Z,https://universalis.app/market/1740
10,Wind Crystal,Boo Gdn,1001,25,2024-05-13T09:01:56.000Z,https://universalis.app/market/10
5567,Bloody Cesti Covers,Cedrik Winterbane,2000,1,2024-05-11T02:53:03.000Z,https://universalis.app/market/5567
1743,Avengers,Vox Swan,1999,1,2024-05-12T06:41:24.000Z,https://universalis.app/market/1743
5378,Spruce Lumber,Two Ee,9999,3,2024-04-27T18:20:44.000Z,https://universalis.app/market/5378
5571,Avenger Grips,Cedrik Winterbane,2024,2,2024-05-11T02:53:59.000Z,https://universalis.app/market/5571
1750,Bronze War Axe,Zodliath Dru,2005,1,2024-05-05T17:34:42.000Z,https://universalis.app/market/1750
1751,Bronze Labrys,Ishtar Anastasia,1405,1,2024-04-28T22:45:38.000Z,https://universalis.app/market/1751
1752,Cloud Axe,Minako Oniyuki,5008,1,2024-04-26T07:02:06.000Z,https://universalis.app/market/1752
1753,Spiked Bronze Labrys,Crayola Knight,18000,1,2024-04-30T05:11:41.000Z,https://universalis.app/market/1753
1754,Iron War Axe,Dorinere Calfslasher,10000,1,2024-05-16T20:08:48.000Z,https://universalis.app/market/1754
1756,Iron Labrys,Avalon Elnora,6500,1,2024-05-03T04:24:35.000Z,https://universalis.app/market/1756
1758,Inferno Axe,Choco Muffin,7017,1,2024-04-25T06:44:58.000Z,https://universalis.app/market/1758
1764,Iron Bill,Kyra Moreria,5026,1,2024-04-22T23:06:30.000Z,https://universalis.app/market/1764
4856,Clove Oil,Ri Rii,500,3,2024-04-28T17:25:15.000Z,https://universalis.app/market/4856
5368,Yew Lumber,Mint Forsythia,2500,2,2024-04-30T09:10:43.000Z,https://universalis.app/market/5368
1766,Thunderstorm Axe,Kaden Col,10000,1,2024-04-23T22:42:50.000Z,https://universalis.app/market/1766
5064,Silver Ingot,Esther Keshet,4000,1,2024-04-24T13:52:43.000Z,https://universalis.app/market/5064
1769,Spiked Steel Labrys,Teddi Meadows,5000,1,2024-05-03T02:35:39.000Z,https://universalis.app/market/1769
1776,Steel Bardiche,Wax-on Wax-off,49853,1,2024-05-14T20:09:02.000Z,https://universalis.app/market/1776
5405,Yew Branch,Ri Rii,500,4,2024-04-28T17:25:31.000Z,https://universalis.app/market/5405
1778,Steel Bhuj,Morgan Morgan,58000,1,2024-05-05T23:41:07.000Z,https://universalis.app/market/1778
1781,Spiked Mythril Labrys,Aidan Caldwell,50000,1,2024-05-04T22:00:50.000Z,https://universalis.app/market/1781
1786,Mythril Bhuj,Elara Ricsteel,30000,1,2024-05-03T17:11:18.000Z,https://universalis.app/market/1786
1796,Buccaneer's Bardiche,Toji Zenyasu,53333,1,2024-05-05T22:04:58.000Z,https://universalis.app/market/1796
5414,Rosewood Branch,Albertine Jeaujaut,600,10,2024-05-01T11:45:35.000Z,https://universalis.app/market/5414
1800,Vintage Bill,Sunbear Valace,20000,1,2024-04-22T06:04:35.000Z,https://universalis.app/market/1800
1771,Notched Bill,Serenity Valkyrie,8000,1,2024-05-05T23:27:20.000Z,https://universalis.app/market/1771
1801,Demilune Bhuj,Anhur Xb,20000,1,2024-04-28T17:35:54.000Z,https://universalis.app/market/1801
5196,Jadeite,Raven Shadowmist,5000,1,2024-04-25T20:00:47.000Z,https://universalis.app/market/5196
1803,Spiked Cobalt Labrys,Mio Azsvana,35343,1,2024-04-25T02:42:25.000Z,https://universalis.app/market/1803
5376,Rosewood Lumber,Sadus Tegg,4200,20,2024-04-27T01:27:46.000Z,https://universalis.app/market/5376
1806,Giantsgall War Axe,Mara Arulaq,5000,1,2024-04-27T18:46:18.000Z,https://universalis.app/market/1806
7580,Mossy Stone Axe,Lancelot Niterode,21,1,2024-04-24T10:42:33.000Z,https://universalis.app/market/7580
1810,Barbarian's Bardiche,Alec Holowka,89600,1,2024-05-19T10:33:29.000Z,https://universalis.app/market/1810
5566,Bloody Bardiche Head,Cedrik Winterbane,2000,1,2024-05-11T02:52:42.000Z,https://universalis.app/market/5566
1813,Rampager,Aldfrith Heath,4499,1,2024-04-25T23:09:49.000Z,https://universalis.app/market/1813
5075,Darksteel Plate,Jace Amano,5002,1,2024-05-02T01:09:32.000Z,https://universalis.app/market/5075
5572,Rampager Head,Cedrik Winterbane,1700,1,2024-05-11T02:54:14.000Z,https://universalis.app/market/5572
1820,Bone Harpoon,Veena Irumiel,2400,1,2024-05-02T14:18:21.000Z,https://universalis.app/market/1820
5503,Animal Glue,Sycella Morning,100,99,2024-04-28T21:45:08.000Z,https://universalis.app/market/5503
1821,Bronze Spear,Gwell Moko,3006,1,2024-04-26T08:03:49.000Z,https://universalis.app/market/1821
5482,Fish Oil,Myi' Ke,300,1,2024-05-14T04:52:30.000Z,https://universalis.app/market/5482
1822,Ramhorn Harpoon,Laddy Varra,999,1,2024-05-12T20:15:50.000Z,https://universalis.app/market/1822
1823,Feathered Harpoon,Aeise Hiko,13990,1,2024-05-14T23:15:27.000Z,https://universalis.app/market/1823
5352,Crow Feather,Maven Storm,580,7,2024-05-14T19:41:32.000Z,https://universalis.app/market/5352
5433,Soiled Femur,Sky Eclipse,469,3,2024-04-29T23:51:27.000Z,https://universalis.app/market/5433
1824,Brass Spear,Moss Head,250,1,2024-04-22T07:54:58.000Z,https://universalis.app/market/1824
1825,Iron Spear,Cloudy Vibes,2500,1,2024-05-12T14:58:04.000Z,https://universalis.app/market/1825
1827,Iron Lance,Ra Zetzy,24999,1,2024-05-09T23:03:13.000Z,https://universalis.app/market/1827
1833,Iron Guisarme,Jean-paul Frogtre,7500,1,2024-04-22T20:05:38.000Z,https://universalis.app/market/1833
1836,Silver Battle Fork,Xpork Chopx,10000,1,2024-05-08T04:00:32.000Z,https://universalis.app/market/1836
5484,Crab Oil,Mystery Highwind,9999,60,2024-04-22T11:52:58.000Z,https://universalis.app/market/5484
1838,Steel Halberd,Vonosten Asuka,10000,1,2024-05-09T22:53:40.000Z,https://universalis.app/market/1838
1845,Steel Spear,Jean-paul Frogtre,16000,1,2024-04-28T00:09:12.000Z,https://universalis.app/market/1845
1847,Heavy Steel Lance,Andromeda Arknes,16998,1,2024-04-23T20:44:36.000Z,https://universalis.app/market/1847
1850,Yarzonshell Harpoon,Shi Chimi,36360,1,2024-05-01T14:59:47.000Z,https://universalis.app/market/1850
5454,Yellow Yarzon Leg,Kioko Shiro,900,3,2024-04-27T21:26:36.000Z,https://universalis.app/market/5454
1855,Mythril Lance,Seph Triste,50000,1,2024-05-04T05:47:03.000Z,https://universalis.app/market/1855
1862,Cobalt Halberd,Sevryn Grey,55550,1,2024-05-15T18:36:31.000Z,https://universalis.app/market/1862
1867,Cobalt Trident,Princess Princess,30103,1,2024-05-11T19:06:17.000Z,https://universalis.app/market/1867
5486,Shark Oil,Vermillion Star,10500,1,2024-04-24T03:49:49.000Z,https://universalis.app/market/5486
1871,Vintage Guisarme,Casyss Braveheart,5455,1,2024-04-27T17:54:34.000Z,https://universalis.app/market/1871
9,Ice Crystal,Death Metal,192,79,2024-05-16T02:59:59.000Z,https://universalis.app/market/9
1840,Crooked Guisarme,Neo Fulgur,1040,1,2024-05-05T17:27:29.000Z,https://universalis.app/market/1840
1872,Hart Guisarme,Tsugumi Abumin,19998,1,2024-04-22T21:02:18.000Z,https://universalis.app/market/1872
1875,Giantsgall Trident,Joojoo Bee,2798,1,2024-04-27T18:56:16.000Z,https://universalis.app/market/1875
7582,Mossy Stone Spear,Raf Al,240,1,2024-04-27T17:32:29.000Z,https://universalis.app/market/7582
1879,Champion's Lance,Lore Amicitia,99699,1,2024-04-23T03:22:28.000Z,https://universalis.app/market/1879
5565,Bloody Lance Head,Neo Cadenza,94998,1,2024-05-02T21:38:33.000Z,https://universalis.app/market/5565
1882,Obelisk,Hope Shepard,2423,1,2024-04-24T22:23:48.000Z,https://universalis.app/market/1882
5573,Obelisk Head,Cedrik Winterbane,2024,2,2024-05-11T02:54:36.000Z,https://universalis.app/market/5573
1891,Maple Shortbow,Shiyo Takao,5005,1,2024-04-22T23:06:02.000Z,https://universalis.app/market/1891
5333,Hempen Yarn,Vedalia Delisse,60000000,1,2024-05-18T03:45:00.000Z,https://universalis.app/market/5333
1892,Maple Longbow,Shiyo Takao,2000,1,2024-04-24T09:28:33.000Z,https://universalis.app/market/1892
5396,Maple Branch,Sycella Morning,499,99,2024-04-28T18:19:34.000Z,https://universalis.app/market/5396
1893,Plumed Maple Shortbow,Renn Crosner,1008,1,2024-05-13T20:33:06.000Z,https://universalis.app/market/1893
5351,Cock Feather,Billy Bum,500,6,2024-05-08T23:11:10.000Z,https://universalis.app/market/5351
1894,Wrapped Maple Longbow,Sith-lord Jar-jar,1010,1,2024-05-12T17:37:42.000Z,https://universalis.app/market/1894
5402,Ash Branch,Billy Bum,500,18,2024-05-12T21:01:28.000Z,https://universalis.app/market/5402
1895,Ash Shortbow,Ferrous Arodica,10000,1,2024-05-05T01:22:20.000Z,https://universalis.app/market/1895
1897,Elm Longbow,Arkhon Infaustus,6540,1,2024-05-06T04:52:53.000Z,https://universalis.app/market/1897
5334,Cotton Yarn,Asta Kovari,800,30,2024-05-15T00:57:45.000Z,https://universalis.app/market/5334
1899,Elm Velocity Bow,Neko Des,2021,1,2024-05-16T00:07:41.000Z,https://universalis.app/market/1899
1905,Wrapped Elm Longbow,Chesty Manestie,5000,1,2024-04-22T03:37:37.000Z,https://universalis.app/market/1905
1908,Ash Composite Bow,Frantic Taco,22000,1,2024-04-22T20:53:27.000Z,https://universalis.app/market/1908
1915,Ash Cavalry Bow,Maiya Kusakari,35357,1,2024-04-22T15:27:40.000Z,https://universalis.app/market/1915
5409,Oak Branch,Andromeda Valerius,1000,1,2024-04-29T00:58:35.000Z,https://universalis.app/market/5409
1917,Oak Longbow,Eve Rorru,55500,1,2024-04-23T18:46:13.000Z,https://universalis.app/market/1917
5336,Linen Yarn,Viz I',7000,1,2024-04-29T21:28:30.000Z,https://universalis.app/market/5336
1920,Mythril Cavalry Bow,Seph Triste,50000,1,2024-05-04T05:45:11.000Z,https://universalis.app/market/1920
1925,Oak Composite Bow,Sager Blood-goddess,50069,1,2024-04-25T22:15:39.000Z,https://universalis.app/market/1925
1932,Cobalt Cavalry Bow,Aeyma Yelho,4000,1,2024-04-25T21:01:17.000Z,https://universalis.app/market/1932
1937,Yew Longbow,Dribonz Robotnik,48900,1,2024-05-16T19:17:03.000Z,https://universalis.app/market/1937
1941,Vintage Bow,Raewyn Wintermane,7777,1,2024-05-06T12:36:49.000Z,https://universalis.app/market/1941
1910,Warped Bow,Vebvi'vi Di'vici,800,1,2024-04-26T05:24:22.000Z,https://universalis.app/market/1910
1942,Crab Bow,Eve Rorru,55555,1,2024-04-23T18:51:38.000Z,https://universalis.app/market/1942
5462,Red Coral,Petiys Arulaq,100000,2,2024-05-18T07:24:20.000Z,https://universalis.app/market/5462
1945,Giantsgall Longbow,Lailah Lamassu,9999,1,2024-05-11T20:23:14.000Z,https://universalis.app/market/1945
7583,Mossy Stone Bow,Raf Al,234,1,2024-04-27T17:32:47.000Z,https://universalis.app/market/7583
1949,Longarm's Composite Bow,Aspen Starflare,99800,1,2024-04-25T05:24:57.000Z,https://universalis.app/market/1949
5568,Bloody Bow Rim,Neo Cadenza,4000,1,2024-05-02T21:38:44.000Z,https://universalis.app/market/5568
1953,Sarnga,Jocelynn Holbrook,5000,1,2024-05-18T03:05:01.000Z,https://universalis.app/market/1953
15,Ice Cluster,Honey Mustard,46,1994,2024-05-14T05:13:26.000Z,https://universalis.app/market/15
16,Wind Cluster,Sophie Meadowbrook,164,501,2024-04-23T23:57:54.000Z,https://universalis.app/market/16
5574,Sarnga Limb,Chile Mango,4999,1,2024-05-07T20:34:30.000Z,https://universalis.app/market/5574
1958,Maple Wand,Tisiphone Kore,10000,1,2024-05-10T19:55:14.000Z,https://universalis.app/market/1958
6,Lightning Shard,Flying Pillow,895,100,2024-05-08T07:35:21.000Z,https://universalis.app/market/6
7,Water Shard,Blue Nova,1000,208,2024-05-08T02:40:30.000Z,https://universalis.app/market/7
5470,Growth Formula Alpha,Elias Serperior,1000,1,2024-05-17T05:54:36.000Z,https://universalis.app/market/5470
1959,Whispering Maple Wand,Zee Roe,10000,1,2024-05-02T02:13:51.000Z,https://universalis.app/market/1959
1960,Budding Maple Wand,Crayola Knight,10000,1,2024-04-29T03:08:48.000Z,https://universalis.app/market/1960
5492,Beastkin Blood,Evelynn Lucivarian,3500000,1,2024-04-27T21:39:05.000Z,https://universalis.app/market/5492
1961,Ash Wand,Winter Athame,15500,1,2024-04-28T00:26:07.000Z,https://universalis.app/market/1961
5471,Growth Formula Beta,Mystery Highwind,4000,4,2024-04-22T12:15:03.000Z,https://universalis.app/market/5471
1963,Budding Ash Wand,Yuki Oda,20000,1,2024-05-09T05:03:27.000Z,https://universalis.app/market/1963
1965,Whispering Ash Wand,Auron Angel,100,1,2024-04-30T13:30:33.000Z,https://universalis.app/market/1965
5493,Scalekin Blood,Ysa Maure,2000000,1,2024-05-04T18:36:09.000Z,https://universalis.app/market/5493
1967,Yew Wand,Wax-on Wax-off,9030,1,2024-05-19T02:04:21.000Z,https://universalis.app/market/1967
1969,Budding Yew Wand,Pepper Roux,10042,1,2024-05-11T17:50:10.000Z,https://universalis.app/market/1969
1971,Budding Oak Wand,Charlie Manson,50000,1,2024-05-10T20:13:04.000Z,https://universalis.app/market/1971
4603,Hi-Potion of Mind,Neo Cadenza,500,6,2024-04-24T21:14:07.000Z,https://universalis.app/market/4603
1974,Wand of Frost,Chesty Manestie,20000,1,2024-04-28T22:59:24.000Z,https://universalis.app/market/1974
5199,Eye of Ice,Karasu Gremory,999,1,2024-04-25T23:33:40.000Z,https://universalis.app/market/5199
5472,Growth Formula Gamma,Ishtara Moonsong,2000,3,2024-04-22T17:34:05.000Z,https://universalis.app/market/5472
1976,Wand of Tremors,Kalleena Aedras,39999,1,2024-05-07T10:25:58.000Z,https://universalis.app/market/1976
5201,Eye of Earth,Nella Candlewick,1000,1,2024-04-25T00:10:43.000Z,https://universalis.app/market/5201
1978,Wand of Tides,Kalleena Aedras,50000,1,2024-05-07T21:57:28.000Z,https://universalis.app/market/1978
5203,Eye of Water,Kayuza Yayreza,201,2,2024-05-14T06:54:38.000Z,https://universalis.app/market/5203
1981,Wand of Flames,Vonosten Asuka,4500,1,2024-05-08T22:44:35.000Z,https://universalis.app/market/1981
5198,Eye of Fire,Ambrea Verlaine,10000,1,2024-05-08T01:08:55.000Z,https://universalis.app/market/5198
5200,Eye of Wind,Tio Tot,420,1,2024-05-08T21:35:32.000Z,https://universalis.app/market/5200
1985,Wand of Storms,Kasjmir Krvj'l'alia,969,1,2024-04-23T02:40:27.000Z,https://universalis.app/market/1985
5202,Eye of Lightning,Omni Terasu,50,1,2024-04-24T21:00:45.000Z,https://universalis.app/market/5202
1987,Budding Rosewood Wand,Azura Highwind,55555,1,2024-05-07T16:23:21.000Z,https://universalis.app/market/1987
4608,Mega-Potion of Mind,Aki Kaze,7505,1,2024-04-23T13:54:35.000Z,https://universalis.app/market/4608
5494,Spoken Blood,Saphyr Snow,1000,1,2024-04-22T07:38:51.000Z,https://universalis.app/market/5494
1996,Maple Cane,Panterra Rygar,15000,1,2024-05-05T14:11:46.000Z,https://universalis.app/market/1996
1997,Maple Crook,Helmiknok Dadestoryer,2000,1,2024-05-07T23:32:11.000Z,https://universalis.app/market/1997
1998,Ash Radical,Aurora Fae,750,1,2024-05-11T15:44:34.000Z,https://universalis.app/market/1998
2000,Elm Cane,Djiah Frostche,5000,1,2024-05-06T00:00:26.000Z,https://universalis.app/market/2000
2002,Elm Crook,Esther Keshet,239,1,2024-04-25T07:57:18.000Z,https://universalis.app/market/2002
2004,Yew Radical,Ozwyn Murciel,6000,1,2024-04-22T01:50:50.000Z,https://universalis.app/market/2004
2010,Pastoral Yew Cane,Raelia Rahlaeris,1023,1,2024-05-12T05:02:17.000Z,https://universalis.app/market/2010
2011,Yew Crook,Ten Chi,4781,1,2024-05-01T01:17:19.000Z,https://universalis.app/market/2011
2015,Walnut Cane,Yerentai Haragin,29999,1,2024-05-19T03:43:06.000Z,https://universalis.app/market/2015
2021,Plumed Yew Crook,Altani Vandham,10000,1,2024-05-13T03:23:30.000Z,https://universalis.app/market/2021
2023,Oak Radical,Jean-paul Frogtre,6000,1,2024-05-02T02:34:56.000Z,https://universalis.app/market/2023
2026,Pastoral Oak Cane,Seph Triste,50000,1,2024-05-04T05:12:31.000Z,https://universalis.app/market/2026
2030,Sprouting Rosewood Radical,Masha Ilyanov,22996,1,2024-04-23T00:46:44.000Z,https://universalis.app/market/2030
2039,Jade Crook,Compsci Major,52999,1,2024-05-05T23:17:32.000Z,https://universalis.app/market/2039
2041,Vintage Cane,Crystyna Jennings,49997,1,2024-05-11T16:25:04.000Z,https://universalis.app/market/2041
2014,Splintered Cane,Maveryn Pantheros,100,1,2024-05-05T20:07:44.000Z,https://universalis.app/market/2014
2044,Pastoral Mahogany Cane,Esmeralda Akarui,2499,1,2024-04-24T01:41:03.000Z,https://universalis.app/market/2044
5335,Dew Thread,Wolf Zezia,4000,5,2024-05-04T04:34:40.000Z,https://universalis.app/market/5335
2047,Tane Mahuta,Pepper Roux,35000,1,2024-05-13T20:31:41.000Z,https://universalis.app/market/2047
5555,Ochu Vine,Risty Ana,1500,1,2024-04-23T14:55:37.000Z,https://universalis.app/market/5555
2048,Giantsgall Cane,S'taram Zhwan,4000,1,2024-05-09T17:21:26.000Z,https://universalis.app/market/2048
7585,Mossy Stone Rod,Raf Al,71,2,2024-04-27T17:33:05.000Z,https://universalis.app/market/7585
2049,Madman's Whispering Rod,Alaina Linae,69700,1,2024-04-27T18:45:52.000Z,https://universalis.app/market/2049
12,Lightning Crystal,Lycelle Auberlaint-,1001,6,2024-05-14T03:12:56.000Z,https://universalis.app/market/12
13,Water Crystal,Grahm Stantona,70,17,2024-05-06T11:08:46.000Z,https://universalis.app/market/13
5473,Growth Formula Delta,Gil Garth,5001,1,2024-05-16T23:56:47.000Z,https://universalis.app/market/5473
5537,Thavnairian Mistletoe,Conner Macleod,901,12,2024-04-29T17:50:31.000Z,https://universalis.app/market/5537
5547,Vampire Plant,June Mist,101,9,2024-04-29T04:34:00.000Z,https://universalis.app/market/5547
2051,Alkalurops,Adelaide Mhirewool,1000,1,2024-04-27T04:07:39.000Z,https://universalis.app/market/2051
5575,Suspended Trillium Flower,Cedrik Winterbane,1700,2,2024-05-11T02:54:51.000Z,https://universalis.app/market/5575
2056,Bone Brand,Loyal Maid,20000,1,2024-05-19T20:09:42.000Z,https://universalis.app/market/2056
5197,Marbled Eye,My Mirage,265,9,2024-04-30T21:38:42.000Z,https://universalis.app/market/5197
2057,Copper Scepter,Chiull Malqir,5000,1,2024-05-01T14:17:18.000Z,https://universalis.app/market/2057
5062,Copper Ingot,Hanamura Sora,1000,2,2024-05-09T16:48:41.000Z,https://universalis.app/market/5062
2058,Bronze Scepter,Nawdie D'fun,2000,1,2024-04-30T22:41:16.000Z,https://universalis.app/market/2058
2059,Brass Cudgel,Mayuri Hasegawa,400,1,2024-05-09T13:50:00.000Z,https://universalis.app/market/2059
2061,Decorated Copper Scepter,Eley Lalafeley,5000,1,2024-04-28T05:56:37.000Z,https://universalis.app/market/2061
5258,Ragstone Whetstone,Kisor Kurantilius,350,1,2024-04-29T20:42:59.000Z,https://universalis.app/market/5258
2063,Wind Brand,Vesper Bae,10000,1,2024-04-29T21:13:28.000Z,https://universalis.app/market/2063
2066,Ice Brand,Yunalesca Yevon,3975,1,2024-04-27T05:54:41.000Z,https://universalis.app/market/2066
2069,Silver Scepter,S'undae Rune,8028,1,2024-05-03T04:01:06.000Z,https://universalis.app/market/2069
5527,Brimstone,Srinshee Wynd,2250,8,2024-05-16T02:07:13.000Z,https://universalis.app/market/5527
2071,Earth Brand,Morgana Vairemont,26000,1,2024-05-02T16:54:15.000Z,https://universalis.app/market/2071
2076,Decorated Silver Scepter,Tatsu Rokkaku,1000,1,2024-05-03T02:08:38.000Z,https://universalis.app/market/2076
2078,Fire Brand,Ani Zinbhe,54000,1,2024-05-11T23:53:55.000Z,https://universalis.app/market/2078
2083,Lightning Brand,David Cal,2500,1,2024-04-24T13:18:06.000Z,https://universalis.app/market/2083
2088,Electrum Scepter,Niyah Alawo,9976,1,2024-04-22T05:49:51.000Z,https://universalis.app/market/2088
5489,Quicksilver,Punished Demon,10002,1,2024-04-24T01:00:17.000Z,https://universalis.app/market/5489
2093,Vintage Cudgel,Eoleo Volechek,7777,1,2024-04-23T06:50:25.000Z,https://universalis.app/market/2093
5092,Iron Rivets,Myi' Ke,600,1,2024-04-27T06:24:27.000Z,https://universalis.app/market/5092
2094,Water Brand,Torigae Ragara,4997,1,2024-04-24T20:27:18.000Z,https://universalis.app/market/2094
2097,Jade Scepter,Leanansidhe Rayne,2998,1,2024-05-12T18:09:05.000Z,https://universalis.app/market/2097
5168,Jade,Omega Everfrost,99,46,2024-05-09T23:00:37.000Z,https://universalis.app/market/5168
5439,Ogre Horn,Vimnae Amortune,49,1,2024-05-01T00:07:28.000Z,https://universalis.app/market/5439
2102,Sanguine Scepter,Lore Amicitia,99699,1,2024-04-23T03:23:24.000Z,https://universalis.app/market/2102
5206,Pinprick Pebble,Ai Emyrs,200,6,2024-05-11T22:23:10.000Z,https://universalis.app/market/5206
2106,Bone Staff,Wax-on Wax-off,1200,1,2024-05-01T20:06:22.000Z,https://universalis.app/market/2106
2108,Decorated Bone Staff,Panterra Rygar,2000,1,2024-05-05T14:11:28.000Z,https://universalis.app/market/2108
5442,Bat Fang,Logan Black,375,1,2024-04-28T20:32:26.000Z,https://universalis.app/market/5442
2109,Toothed Ramhorn Staff,Sassy Mama,1999,1,2024-04-24T18:54:40.000Z,https://universalis.app/market/2109
2111,Staghorn Staff,Cardina Bean,29000,1,2024-05-17T15:50:08.000Z,https://universalis.app/market/2111
2116,Sanguine Horn Staff,Caster Only,2000,1,2024-04-23T03:13:08.000Z,https://universalis.app/market/2116
2118,Toothed Staghorn Staff,Aurora Fae,5000,1,2024-05-12T05:37:36.000Z,https://universalis.app/market/2118
2121,Goathorn Staff,Xano Suke,7053,1,2024-05-14T23:40:41.000Z,https://universalis.app/market/2121
2123,Toothed Goathorn Staff,Kagome Leonheart,10000,1,2024-04-27T19:56:06.000Z,https://universalis.app/market/2123
2125,Horn Staff,Nuala Maani,49769,1,2024-04-25T02:18:23.000Z,https://universalis.app/market/2125
2130,Black Horn Staff,Itsune Tsurugi,4499,1,2024-04-27T23:04:59.000Z,https://universalis.app/market/2130
2133,Ivory Staff,Terrere Destiny,20000,1,2024-04-28T21:14:11.000Z,https://universalis.app/market/2133
2136,Giantsgall Longstaff,Morgana Vairemont,3200,1,2024-05-05T06:33:54.000Z,https://universalis.app/market/2136
7584,Mossy Stone Staff,Raf Al,101,1,2024-04-27T17:32:59.000Z,https://universalis.app/market/7584
2139,Astrolabe,Otis Gwtv,2399,1,2024-05-05T06:04:24.000Z,https://universalis.app/market/2139
5576,Astrolabe Clinometer,Cedrik Winterbane,2000,2,2024-05-11T02:55:07.000Z,https://universalis.app/market/5576
2143,Leather Grimoire,Cedar Point,35000,1,2024-05-02T22:29:14.000Z,https://universalis.app/market/2143
5380,Maple Log,Zendus Pendragon,700,99,2024-04-24T23:10:54.000Z,https://universalis.app/market/5380
5475,Enchanted Copper Ink,Der Ito,20,1,2024-05-14T14:50:36.000Z,https://universalis.app/market/5475
2144,Maple Picatrix,Ten Chi,10000,1,2024-05-01T01:19:57.000Z,https://universalis.app/market/2144
2145,Engraved Leather Grimoire,Wax-on Wax-off,10000,1,2024-05-09T23:12:54.000Z,https://universalis.app/market/2145
5383,Ash Log,Squirrells Alencon,500,8,2024-05-18T20:09:13.000Z,https://universalis.app/market/5383
2146,Ash Picatrix,Harol Pearcy,4999,1,2024-05-03T23:25:28.000Z,https://universalis.app/market/2146
2147,Hard Leather Grimoire,Itsune Tsurugi,5013,1,2024-04-22T02:49:24.000Z,https://universalis.app/market/2147
5385,Elm Log,Violin Musicorum,450,15,2024-04-26T01:31:59.000Z,https://universalis.app/market/5385
5476,Enchanted Iron Ink,Sycella Morning,992,2,2024-04-28T22:00:59.000Z,https://universalis.app/market/5476
2149,Engraved Hard Leather Grimoire,Don Pizzarolli,10000,1,2024-05-11T15:32:52.000Z,https://universalis.app/market/2149
5386,Yew Log,Riicky Kiiriicky,7750,11,2024-05-12T20:09:03.000Z,https://universalis.app/market/5386
2151,Yew Picatrix,Kammy Dreams,25024,1,2024-05-10T21:18:01.000Z,https://universalis.app/market/2151
2156,Goatskin Grimoire,Arzuno Antiqua,14000,1,2024-05-13T07:17:06.000Z,https://universalis.app/market/2156
5477,Enchanted Silver Ink,Fingolfin Nolofinwe,4849,1,2024-05-02T00:54:29.000Z,https://universalis.app/market/5477
2160,Engraved Goatskin Grimoire,Payne Leonidas,15949,1,2024-05-08T03:14:51.000Z,https://universalis.app/market/2160
5388,Walnut Log,Ume Zakuro,800,1,2024-05-17T06:44:00.000Z,https://universalis.app/market/5388
2166,Book of Silver,Koznhevikova Teralind,10000,1,2024-05-05T02:08:16.000Z,https://universalis.app/market/2166
5390,Oak Log,Ophelia Gojko,400,99,2024-05-03T19:17:35.000Z,https://universalis.app/market/5390
2169,Embossed Book of Silver,Miki Chinen,10000,1,2024-05-06T07:19:34.000Z,https://universalis.app/market/2169
2174,Book of Mythril,Doctah Mojo,25000,1,2024-04-23T16:13:18.000Z,https://universalis.app/market/2174
5346,Flax,Sophia Z'ee,499,99,2024-04-23T16:25:54.000Z,https://universalis.app/market/5346
5478,Enchanted Mythril Ink,Fingolfin Nolofinwe,645,3,2024-05-02T01:01:02.000Z,https://universalis.app/market/5478
2184,Vintage Picatrix,Rhela Lanbatal,24999,1,2024-04-25T04:05:43.000Z,https://universalis.app/market/2184
2158,Brittle Picatrix,Ahri Ni,14989,1,2024-05-09T09:45:24.000Z,https://universalis.app/market/2158
2185,Book of Electrum,Arifa Norphine,5000,1,2024-04-27T00:40:51.000Z,https://universalis.app/market/2185
5337,Woolen Yarn,Leifa Valun'te,5000,1,2024-05-19T13:53:06.000Z,https://universalis.app/market/5337
5393,Rosewood Log,Laurencic Beaufort,500,79,2024-05-11T05:59:29.000Z,https://universalis.app/market/5393
5479,Enchanted Electrum Ink,Sycella Morning,100,99,2024-04-28T22:01:31.000Z,https://universalis.app/market/5479
2189,Embossed Book of Electrum,Xyvyra Liadon,14990,1,2024-04-23T23:01:14.000Z,https://universalis.app/market/2189
2193,Cantamina Thavnaria,Teddi Meadows,1950,1,2024-05-13T02:57:57.000Z,https://universalis.app/market/2193
5481,Enchanted Rose Gold Ink,Cwen Talia,9998,2,2024-05-02T00:06:03.000Z,https://universalis.app/market/5481
2194,Medica Thavnaria,Eji Mika,2999,1,2024-04-28T17:15:42.000Z,https://universalis.app/market/2194
2201,Erudite's Picatrix of Healing,Felix Sunblade,74800,1,2024-04-24T03:00:43.000Z,https://universalis.app/market/2201
5480,Enchanted Gold Ink,Shuleyn Elilnebbwyn,20000,1,2024-04-29T08:44:49.000Z,https://universalis.app/market/5480
5569,Bloody Grimoire Binding,Shin Silverspark,7999,1,2024-05-01T03:49:00.000Z,https://universalis.app/market/5569
2202,Erudite's Picatrix of Casting,Michael Cousland,85900,1,2024-04-25T06:30:50.000Z,https://universalis.app/market/2202
2211,Deus Ex Verbis,Walon Yggdrasil,1345,1,2024-04-23T02:44:05.000Z,https://universalis.app/market/2211
5338,Silk Thread,David Plaine,5000,1,2024-04-28T10:11:52.000Z,https://universalis.app/market/5338
2212,Deus Ex Gratia,Silvar Ironarm,1333,1,2024-04-24T00:27:44.000Z,https://universalis.app/market/2212
2219,Square Maple Shield,Khloe Aliapoh,56110000,1,2024-05-02T21:27:00.000Z,https://universalis.app/market/2219
5091,Bronze Rivets,Jin Toji,2999,99,2024-04-25T03:00:21.000Z,https://universalis.app/market/5091
12524,Titanium Nugget,Akane Kiyomi,20000,1,2024-05-09T04:48:42.000Z,https://universalis.app/market/12524
12529,Titanium Rivets,David Cal,20000,2,2024-05-04T16:42:00.000Z,https://universalis.app/market/12529
12658,Dusk Leather,Nymuru Vee,421999,1,2024-05-17T23:43:29.000Z,https://universalis.app/market/12658
2226,Bronze Hoplon,Aeise Olivier,18000,1,2024-05-14T23:30:02.000Z,https://universalis.app/market/2226
5071,Bronze Plate,Laddy Varra,575,11,2024-05-18T23:39:00.000Z,https://universalis.app/market/5071
2228,Round Shield,Wax-on Wax-off,10004,1,2024-05-10T22:32:45.000Z,https://universalis.app/market/2228
2229,Leather Targe,Helmiknok Dadestoryer,500,1,2024-05-11T21:33:30.000Z,https://universalis.app/market/2229
2230,Bronze Scutum,Nawdie D'fun,5000,1,2024-04-30T22:40:54.000Z,https://universalis.app/market/2230
2231,Bronze Buckler,Wax-on Wax-off,25005,1,2024-05-07T20:09:53.000Z,https://universalis.app/market/2231
2233,Square Ash Shield,Nawdie D'fun,490,1,2024-05-02T12:27:52.000Z,https://universalis.app/market/2233
2236,Iron Hoplon,Seb Southwind,15000,1,2024-05-16T09:41:18.000Z,https://universalis.app/market/2236
2238,Vintage Square Shield,Naomistrasza Nagata,7777,1,2024-05-10T02:17:48.000Z,https://universalis.app/market/2238
2224,Worm-eaten Square Shield,Riko Minami,10000,1,2024-05-14T01:36:26.000Z,https://universalis.app/market/2224
4859,Cider Vinegar,Acorn Breaker,500,2,2024-04-28T16:41:31.000Z,https://universalis.app/market/4859
2239,Ironclad Bronze Buckler,About Blank,80,1,2024-05-04T01:12:43.000Z,https://universalis.app/market/2239
2241,Iron Lantern Shield,Titan Tiddies,5000,1,2024-05-07T19:20:41.000Z,https://universalis.app/market/2241
5998,Tallow Candle,Vrer Atoel,3000,1,2024-05-14T13:19:09.000Z,https://universalis.app/market/5998
2242,Iron Scutum,Lei Lan,42500000,1,2024-05-07T11:52:39.000Z,https://universalis.app/market/2242
2244,Vintage Hoplon,Marick Clive,7775,1,2024-05-15T22:45:25.000Z,https://universalis.app/market/2244
2225,Tarnished Hoplon,U'nanami Hime,10000,1,2024-05-14T03:26:30.000Z,https://universalis.app/market/2225
2246,Viper-crested Round Shield,Dazaii Osamu,900,1,2024-05-05T12:55:47.000Z,https://universalis.app/market/2246
2248,Iron Kite Shield,Kiritoro Ashura,10000,1,2024-04-23T05:41:16.000Z,https://universalis.app/market/2248
2250,Goatskin Targe,Argos Hafgufa,35000,1,2024-05-10T02:35:00.000Z,https://universalis.app/market/2250
5093,Steel Rivets,Xena Inadova,4999,1,2024-05-19T00:01:44.000Z,https://universalis.app/market/5093
2257,Bull Hoplon,Aurora Fae,7000,1,2024-05-02T14:57:45.000Z,https://universalis.app/market/2257
2260,Decorated Buckler,Sasha Lyna,18999,1,2024-04-30T00:12:35.000Z,https://universalis.app/market/2260
2262,Decorated Iron Scutum,Vaedren Atolna,5500,1,2024-04-22T07:24:35.000Z,https://universalis.app/market/2262
2264,Vintage Buckler,Melon Pun,5000,1,2024-04-28T11:29:12.000Z,https://universalis.app/market/2264
2268,Bladed Lantern Shield,Sammy Highwind,15000,1,2024-05-11T21:13:25.000Z,https://universalis.app/market/2268
2270,Raptorskin Targe,Raina Cakes,45000,1,2024-04-30T21:27:33.000Z,https://universalis.app/market/2270
5099,Mythril Rivets,Jako Greyheart,2000,9,2024-05-12T15:25:29.000Z,https://universalis.app/market/5099
2278,Vintage Scutum,A'ryu Amagai,10000,1,2024-04-30T21:10:15.000Z,https://universalis.app/market/2278
2279,Cobalt Scutum,Crayola Knight,9999,1,2024-05-06T02:00:00.000Z,https://universalis.app/market/2279
5094,Cobalt Rivets,Instance Shenanigans,3000,99,2024-05-04T14:51:43.000Z,https://universalis.app/market/5094
2287,Eagle-crested Round Shield,Imaweebloljk Butnorly,5000,1,2024-05-08T04:59:29.000Z,https://universalis.app/market/2287
2289,Vintage Round Shield,Donovan Killinger,779,1,2024-05-06T03:44:04.000Z,https://universalis.app/market/2289
2237,Rotting Round Shield,Vayne Carudas,1250,1,2024-05-12T15:44:33.000Z,https://universalis.app/market/2237
5228,Ragstone,Zephyr Darkmoon,300,12,2024-05-10T04:34:56.000Z,https://universalis.app/market/5228
5517,Lanolin,Goddess Hylia,1002,1,2024-05-13T02:01:52.000Z,https://universalis.app/market/5517
2294,Kite Shield,Riso Rhiki,22990,1,2024-04-22T21:35:44.000Z,https://universalis.app/market/2294
2296,Cobalt Bladed Lantern Shield,Aeyma Yelho,50000,1,2024-04-25T00:20:22.000Z,https://universalis.app/market/2296
2298,Oxblood Targe,Kallen Heart,27995,1,2024-05-18T01:42:39.000Z,https://universalis.app/market/2298
2300,Vintage Kite Shield,It's Rust,25000,1,2024-05-15T21:37:40.000Z,https://universalis.app/market/2300
2259,Scarred Kite Shield,Marick Clive,5500,1,2024-05-16T18:36:34.000Z,https://universalis.app/market/2259
2302,Darksteel Scutum,Teddi Meadows,6999,1,2024-05-13T02:57:30.000Z,https://universalis.app/market/2302
5060,Darksteel Ingot,Rua Alara,10995,1,2024-05-08T03:05:21.000Z,https://universalis.app/market/5060
5095,Darksteel Rivets,Shin Bye,6000,31,2024-05-09T17:23:19.000Z,https://universalis.app/market/5095
2303,Darksteel Buckler,Banana Pepper,3999,1,2024-04-24T22:15:14.000Z,https://universalis.app/market/2303
2304,Spruce Round Shield,Rene Camoa,2998,1,2024-05-01T08:28:11.000Z,https://universalis.app/market/2304
5379,Treated Spruce Lumber,Pearl Forrester,59969,1,2024-04-22T03:25:59.000Z,https://universalis.app/market/5379
2315,Bronze Saw,Amenie Gamma,6000,1,2024-04-29T04:25:50.000Z,https://universalis.app/market/2315
2316,Amateur's Saw,Jammy Nebulaa,999,1,2024-04-25T17:35:07.000Z,https://universalis.app/market/2316
2317,Chocobotail Saw,Vincent Gray,98,1,2024-05-04T16:57:26.000Z,https://universalis.app/market/2317
2318,Initiate's Saw,Bonnie Mcmurray,12997,1,2024-05-15T12:25:45.000Z,https://universalis.app/market/2318
2319,Bas-relief Iron Saw,Teddi Meadows,20000,1,2024-04-25T02:13:07.000Z,https://universalis.app/market/2319
2320,Iron Chocobotail Saw,Karyn Ava,25541,1,2024-04-24T01:18:07.000Z,https://universalis.app/market/2320
2321,Bas-relief Steel Saw,Eve Morningtide,15053,1,2024-05-02T06:53:09.000Z,https://universalis.app/market/2321
2322,Crosscut Saw,C'irhya Cottol,2999,1,2024-05-09T06:59:38.000Z,https://universalis.app/market/2322
2323,Mythril Saw,Luna Lowella,22994,1,2024-04-25T09:40:50.000Z,https://universalis.app/market/2323
2324,Mythril Chocobotail Saw,Tera Shell,10000,1,2024-05-10T23:33:51.000Z,https://universalis.app/market/2324
2325,Bas-relief Cobalt Saw,Lost Mans,20000,1,2024-04-24T23:33:52.000Z,https://universalis.app/market/2325
2328,Amateur's Claw Hammer,Helmiknok Dadestoryer,1900,1,2024-05-04T21:25:35.000Z,https://universalis.app/market/2328
2329,Bronze Claw Hammer,Aurora Fae,9000,1,2024-05-02T14:57:29.000Z,https://universalis.app/market/2329
2331,Iron Claw Hammer,Ophelia Stoneheart,13017,1,2024-05-05T02:21:04.000Z,https://universalis.app/market/2331
5483,Jellyfish Humours,Darkeve Delholm,210,99,2024-05-11T01:06:38.000Z,https://universalis.app/market/5483
2332,Initiate's Claw Hammer,Grimes Album,1000,1,2024-05-13T13:44:23.000Z,https://universalis.app/market/2332
2334,Steel Claw Hammer,Gwyn Collier,10999,1,2024-04-22T21:15:03.000Z,https://universalis.app/market/2334
2335,Wrapped Steel Claw Hammer,Harriet Montgomery,50000,1,2024-05-12T23:18:54.000Z,https://universalis.app/market/2335
5485,Linseed Oil,Suvd Tumet,3000,1,2024-04-28T00:25:51.000Z,https://universalis.app/market/5485
2337,Mythril Claw Hammer,Beo Wulf,20000,1,2024-05-04T18:34:59.000Z,https://universalis.app/market/2337
2338,Cobalt Claw Hammer,Ezra Umbrasol,20000,1,2024-05-04T13:22:50.000Z,https://universalis.app/market/2338
2339,Militia Claw Hammer,Kem Kem,15000,1,2024-05-13T04:40:37.000Z,https://universalis.app/market/2339
2341,Bronze Cross-pein Hammer,Vox Syl,5000,1,2024-05-13T09:02:25.000Z,https://universalis.app/market/2341
2342,Amateur's Cross-pein Hammer,Wax-on Wax-off,5000,1,2024-05-03T20:30:25.000Z,https://universalis.app/market/2342
2343,Birdsbeak Hammer,Harriet Montgomery,5000,1,2024-05-03T20:31:13.000Z,https://universalis.app/market/2343
5325,Undyed Cotton Cloth,Rick Bacon,1000,1,2024-04-23T11:39:09.000Z,https://universalis.app/market/5325
2344,Iron Cross-pein Hammer,Vox Syl,10014,1,2024-05-13T09:46:28.000Z,https://universalis.app/market/2344
2345,Initiate's Cross-pein Hammer,Klaxar Sight,4469,1,2024-05-04T06:35:37.000Z,https://universalis.app/market/2345
2346,Crowsbeak Hammer,Popolaccino's Actor,6000,1,2024-04-27T03:12:26.000Z,https://universalis.app/market/2346
2347,Heavy Crowsbeak Hammer,Ruby Lights,4000,1,2024-05-14T23:22:37.000Z,https://universalis.app/market/2347
2348,Steel Cross-pein Hammer,Mesa Boogie,8972,1,2024-04-30T15:41:54.000Z,https://universalis.app/market/2348
5326,Undyed Velveteen,Halo Cupid,15000,1,2024-04-22T15:32:20.000Z,https://universalis.app/market/5326
2349,Steel Crowsbeak Hammer,Zain Akemi,32000,1,2024-04-28T00:22:02.000Z,https://universalis.app/market/2349
2350,Wrapped Crowsbeak Hammer,Kiri Mhirno,55555,1,2024-04-25T02:29:04.000Z,https://universalis.app/market/2350
2351,Cobalt Cross-pein Hammer,Delilah Doree,66666,1,2024-04-29T05:02:06.000Z,https://universalis.app/market/2351
2352,Wrapped Hawksbeak Hammer,Suvd Tumet,20000,1,2024-04-29T02:53:01.000Z,https://universalis.app/market/2352
2355,Amateur's File,Amenie Gamma,900,1,2024-04-24T14:29:00.000Z,https://universalis.app/market/2355
2356,Bronze File,Harriet Montgomery,1000,1,2024-05-01T20:11:44.000Z,https://universalis.app/market/2356
2358,Iron File,Wax-on Wax-off,2500,1,2024-05-10T20:16:46.000Z,https://universalis.app/market/2358
2359,Initiate's File,Ruby Lights,20000,1,2024-05-14T23:22:47.000Z,https://universalis.app/market/2359
2361,Steel File,Mesa Boogie,5053,1,2024-04-25T23:46:56.000Z,https://universalis.app/market/2361
2363,Mythril File,Chadelico Nightrune,35000,1,2024-05-12T16:40:25.000Z,https://universalis.app/market/2363
2364,Cobalt File,Map Lock,15000,1,2024-05-12T15:17:49.000Z,https://universalis.app/market/2364
2365,Militia File,Mio Azsvana,15000,1,2024-05-13T18:54:17.000Z,https://universalis.app/market/2365
2367,Bronze Doming Hammer,Tisiphone Kore,200,1,2024-04-28T19:55:44.000Z,https://universalis.app/market/2367
2368,Amateur's Doming Hammer,Botcho Fulmhu,180,1,2024-05-13T10:14:49.000Z,https://universalis.app/market/2368
2369,Bronze Raising Hammer,Khalit Ugunda,1011,1,2024-04-30T16:32:34.000Z,https://universalis.app/market/2369
2370,Iron Doming Hammer,Helmiknok Dadestoryer,1000,1,2024-05-11T21:32:45.000Z,https://universalis.app/market/2370
2371,Initiate's Doming Hammer,Saint Mephistopheles,7499,1,2024-05-18T03:24:52.000Z,https://universalis.app/market/2371
2372,Iron Raising Hammer,Bim Danglefield,15029,1,2024-05-15T00:13:30.000Z,https://universalis.app/market/2372
2373,Wrapped Iron Raising Hammer,Luna Lowella,3000,1,2024-04-23T23:35:48.000Z,https://universalis.app/market/2373
2374,Steel Doming Hammer,Pepper Roux,15000,1,2024-05-13T01:54:36.000Z,https://universalis.app/market/2374
2375,Steel Raising Hammer,Hamburger Help-me,25000,1,2024-05-15T02:22:13.000Z,https://universalis.app/market/2375
2376,Cobalt Doming Hammer,Levolta Sven,3950,1,2024-05-13T12:34:35.000Z,https://universalis.app/market/2376
2377,Cobalt Raising Hammer,Klearito Moonlight,4110,1,2024-05-12T05:25:25.000Z,https://universalis.app/market/2377
2380,Amateur's Pliers,Sam Yunalesca,2000,1,2024-04-27T15:51:10.000Z,https://universalis.app/market/2380
2381,Bronze Pliers,Annabelle Asmara,3750,1,2024-04-25T03:29:53.000Z,https://universalis.app/market/2381
2383,Iron Pliers,Daedalous Decore,10000,1,2024-04-26T03:51:42.000Z,https://universalis.app/market/2383
2384,Initiate's Pliers,Ira Nil,2000,1,2024-05-13T13:02:41.000Z,https://universalis.app/market/2384
2386,Steel Pliers,Mako Belnades,59859,1,2024-05-17T08:47:29.000Z,https://universalis.app/market/2386
2388,Mythril Pliers,Chadelico Nightrune,100092,1,2024-05-12T16:40:45.000Z,https://universalis.app/market/2388
2389,Cobalt Pliers,Toriel Dremerr,25000,1,2024-04-30T09:37:35.000Z,https://universalis.app/market/2389
2390,Militia Pliers,Saber Lynn,15000,1,2024-05-13T11:50:16.000Z,https://universalis.app/market/2390
2392,Bronze Chaser Hammer,Harriet Montgomery,100,1,2024-04-29T20:51:46.000Z,https://universalis.app/market/2392
2393,Amateur's Chaser Hammer,Darkeve Delholm,500,1,2024-05-11T01:11:08.000Z,https://universalis.app/market/2393
2395,Iron Chaser Hammer,Scarlett Leblanc,1895,1,2024-04-30T02:57:18.000Z,https://universalis.app/market/2395
2396,Initiate's Chaser Hammer,Dopey Yams,5000,1,2024-05-02T04:46:45.000Z,https://universalis.app/market/2396
2397,Iron Ornamental Hammer,Gus Chiggins,38929,1,2024-05-09T03:51:01.000Z,https://universalis.app/market/2397
2398,Steel Chaser Hammer,Yuki Oda,2500,1,2024-05-07T20:32:52.000Z,https://universalis.app/market/2398
2399,Steel Ornamental Hammer,Mine Ittetsu,4899,1,2024-05-05T22:15:01.000Z,https://universalis.app/market/2399
2400,Mythril Ornamental Hammer,Blais Fierlaine,50000,1,2024-05-05T02:21:18.000Z,https://universalis.app/market/2400
2401,Mythril Lapidary Hammer,Karasu Gremory,7000,1,2024-04-25T19:51:37.000Z,https://universalis.app/market/2401
2402,Electrum Lapidary Hammer,Acerola O'rian,20000,1,2024-04-30T01:43:38.000Z,https://universalis.app/market/2402
5183,Tourmaline,Ginneagan M'rka,320,3,2024-05-16T20:47:05.000Z,https://universalis.app/market/5183
2405,Amateur's Grinding Wheel,Mango Grande,5,1,2024-05-12T18:40:23.000Z,https://universalis.app/market/2405
2406,Ragstone Grinding Wheel,Renari Invictus,898,1,2024-05-04T22:31:45.000Z,https://universalis.app/market/2406
2408,Mudstone Grinding Wheel,Esther Keshet,5000,1,2024-04-27T07:05:43.000Z,https://universalis.app/market/2408
5229,Mudstone,Puppy Brain,300,99,2024-04-28T22:07:48.000Z,https://universalis.app/market/5229
2409,Initiate's Grinding Wheel,Yuki Oda,10000,1,2024-05-07T20:32:38.000Z,https://universalis.app/market/2409
2411,Siltstone Grinding Wheel,Amaryllis Sofrya,19959,1,2024-04-28T23:57:36.000Z,https://universalis.app/market/2411
5231,Siltstone,Eivana Zephyrine,280,4,2024-04-27T02:21:18.000Z,https://universalis.app/market/5231
2413,Garnet Grinding Wheel,Lycus Akin,13000,1,2024-04-24T06:56:36.000Z,https://universalis.app/market/2413
5134,Raw Garnet,Zilla Bell,450,30,2024-05-17T14:30:30.000Z,https://universalis.app/market/5134
2414,Basilisk Grinding Wheel,Tigre Caliente,30107,1,2024-05-06T11:10:13.000Z,https://universalis.app/market/2414
5263,Basilisk Egg,Scarlett O'rose,1000,95,2024-04-24T09:03:08.000Z,https://universalis.app/market/5263
2415,Militia Grinding Wheel,Scarlett Leblanc,24984,1,2024-04-30T06:59:35.000Z,https://universalis.app/market/2415
5158,Astral Rock,Vergil Comedy,394,3,2024-05-14T23:20:38.000Z,https://universalis.app/market/5158
2417,Bronze Head Knife,Desmos Kings,15106,1,2024-04-25T15:01:35.000Z,https://universalis.app/market/2417
2418,Amateur's Head Knife,Laddy Varra,1800,1,2024-05-12T20:16:21.000Z,https://universalis.app/market/2418
2419,Brass Head Knife,Ten Chi,6499,1,2024-04-28T21:46:32.000Z,https://universalis.app/market/2419
2420,Initiate's Head Knife,Bonnie Mcmurray,10000,1,2024-05-17T06:25:50.000Z,https://universalis.app/market/2420
2421,Iron Round Knife,Bimbly Bimblor,925,1,2024-04-22T22:57:56.000Z,https://universalis.app/market/2421
2422,Iron Head Knife,Helmiknok Dadestoryer,3041,1,2024-05-17T22:26:17.000Z,https://universalis.app/market/2422
2424,Steel Round Knife,Ruma Brat,8500,1,2024-05-18T22:01:49.000Z,https://universalis.app/market/2424
2425,Mythril Head Knife,Jisoo Minatozaki,25000,1,2024-04-24T05:58:53.000Z,https://universalis.app/market/2425
2426,Mythril Round Knife,C'ilahri Cottol,10000,1,2024-05-10T08:42:12.000Z,https://universalis.app/market/2426
2427,Electrum Head Knife,Aisuru Tenshi,30110,1,2024-05-09T23:56:46.000Z,https://universalis.app/market/2427
2430,Amateur's Awl,Wax-on Wax-off,500,1,2024-04-30T21:29:25.000Z,https://universalis.app/market/2430
2431,Bronze Awl,Helmiknok Dadestoryer,2989,1,2024-05-07T23:32:24.000Z,https://universalis.app/market/2431
2433,Iron Awl,Aaliyiah Sunbreaker,10000,1,2024-04-27T16:32:47.000Z,https://universalis.app/market/2433
2434,Initiate's Awl,Nyx Rune,2939,1,2024-04-28T22:56:48.000Z,https://universalis.app/market/2434
2436,Steel Awl,Jean-paul Frogtre,10000,1,2024-05-02T02:35:23.000Z,https://universalis.app/market/2436
2437,Wrapped Steel Awl,Shwae Tsunsui,50000,1,2024-05-04T22:21:57.000Z,https://universalis.app/market/2437
2439,Mythril Awl,Wind-up Meku,99083,1,2024-05-13T00:12:04.000Z,https://universalis.app/market/2439
2440,Cobalt Awl,Caelynn Lynwood,35000,1,2024-04-29T09:28:38.000Z,https://universalis.app/market/2440
2441,Militia Awl,Anwyn Fjellhammer,30000,1,2024-05-18T07:13:53.000Z,https://universalis.app/market/2441
2443,Copper Needle,Nawdie D'fun,44,1,2024-04-28T06:32:19.000Z,https://universalis.app/market/2443
2444,Bat Fang Needle,Mama Gunji,3900,1,2024-05-01T21:40:13.000Z,https://universalis.app/market/2444
2445,Amateur's Needle,Diggie Bloodmoon,269,1,2024-05-06T01:11:40.000Z,https://universalis.app/market/2445
2446,Brass Needle,Jozu Rasne,2500,1,2024-04-29T22:24:03.000Z,https://universalis.app/market/2446
2447,Initiate's Needle,Mogi Drogma,2500,1,2024-04-23T12:19:10.000Z,https://universalis.app/market/2447
2448,Silver Needle,Bashful Trucha,37,1,2024-05-01T04:46:37.000Z,https://universalis.app/market/2448
2449,Worm Fang Needle,Nell Higgins,10000,1,2024-05-18T15:52:32.000Z,https://universalis.app/market/2449
5447,Sandworm Fang,Conner Macleod,599,4,2024-04-29T17:40:29.000Z,https://universalis.app/market/5447
2450,Mythril Needle,Kassandra Kobayashi,7999,1,2024-05-09T02:19:14.000Z,https://universalis.app/market/2450
2451,Wolf Fang Needle,Rajin Belmont,10000,1,2024-05-03T02:30:25.000Z,https://universalis.app/market/2451
2452,Thousand Needle,Chadelico Nightrune,19985,1,2024-05-17T23:09:47.000Z,https://universalis.app/market/2452
5468,Cactuar Needle,Feitan Darkheart,1000,2,2024-05-09T19:57:48.000Z,https://universalis.app/market/5468
2456,Amateur's Spinning Wheel,Leia Lala,999,1,2024-05-10T04:02:54.000Z,https://universalis.app/market/2456
2457,Ash Spinning Wheel,Seph Triste,297,1,2024-05-04T04:59:57.000Z,https://universalis.app/market/2457
2459,Initiate's Spinning Wheel,Alphonse Yulis,8000,1,2024-04-23T04:04:28.000Z,https://universalis.app/market/2459
2460,Elm Spinning Wheel,Mega Ghost,3026,1,2024-04-24T21:15:21.000Z,https://universalis.app/market/2460
2462,Walnut Spinning Wheel,Xeos Xeor,15000,1,2024-04-28T00:53:31.000Z,https://universalis.app/market/2462
2464,Mahogany Spinning Wheel,Brobama Pepewai,50073,1,2024-04-27T05:22:58.000Z,https://universalis.app/market/2464
2465,Rosewood Spinning Wheel,Caffeine Demon,15000,1,2024-05-01T20:04:14.000Z,https://universalis.app/market/2465
2466,Militia Spinning Wheel,Suri Kharjo,23999,1,2024-04-27T16:33:07.000Z,https://universalis.app/market/2466
2468,Bronze Alembic,Mayuri Hasegawa,10006,1,2024-04-26T21:19:57.000Z,https://universalis.app/market/2468
2469,Amateur's Alembic,Helmiknok Dadestoryer,1150,1,2024-05-10T20:24:03.000Z,https://universalis.app/market/2469
2470,Brass Alembic,Storm Starbrick,15000,1,2024-04-22T02:33:11.000Z,https://universalis.app/market/2470
2471,Initiate's Alembic,Miana Himeko,4500,1,2024-05-18T00:19:17.000Z,https://universalis.app/market/2471
2472,Iron Alembic,Banana Pepper,5000,1,2024-04-24T21:46:49.000Z,https://universalis.app/market/2472
2473,Conical Alembic,Zoe Lavorre,4000,1,2024-05-17T15:45:15.000Z,https://universalis.app/market/2473
2474,Steel Alembic,Atori Gunji,25000,1,2024-04-29T03:08:19.000Z,https://universalis.app/market/2474
2475,Silver Alembic,Galzu Zu,10000,1,2024-05-14T04:31:47.000Z,https://universalis.app/market/2475
2476,Mythril Alembic,Ren Yumitori,49989,1,2024-05-10T23:48:31.000Z,https://universalis.app/market/2476
2477,Electrum Alembic,Kira Nyx,6500,1,2024-04-29T04:21:09.000Z,https://universalis.app/market/2477
2481,Amateur's Mortar,Emperor Vinny,59,1,2024-04-27T00:54:19.000Z,https://universalis.app/market/2481
2482,Bronze Mortar,Leia Lala,300,1,2024-05-10T20:54:23.000Z,https://universalis.app/market/2482
2484,Iron Mortar,Kalleena Aedras,10000,1,2024-04-25T20:36:38.000Z,https://universalis.app/market/2484
2485,Initiate's Mortar,Zelolo Zelo,195,1,2024-05-15T17:33:34.000Z,https://universalis.app/market/2485
2487,Steel Mortar,Karyn Ava,10000,1,2024-05-09T23:24:43.000Z,https://universalis.app/market/2487
2488,Heavy Steel Mortar,Shwae Tsunsui,14999,1,2024-05-04T22:22:50.000Z,https://universalis.app/market/2488
2490,Mythril Mortar,Stellarvore Thornborn,7997,1,2024-04-23T00:54:34.000Z,https://universalis.app/market/2490
2491,Cobalt Mortar,Sun Wu'kong,29998,1,2024-04-22T05:17:43.000Z,https://universalis.app/market/2491
2492,Militia Mortar,Lazura Drakon,14999,1,2024-05-16T22:18:46.000Z,https://universalis.app/market/2492
2494,Bronze Skillet,Ra Zetzy,15000,1,2024-04-28T21:48:52.000Z,https://universalis.app/market/2494
2495,Amateur's Skillet,Sylvana Mul'droth,7000,1,2024-05-12T22:08:40.000Z,https://universalis.app/market/2495
2496,Iron Skillet,Helmiknok Dadestoryer,10000,1,2024-05-15T13:47:52.000Z,https://universalis.app/market/2496
2497,Initiate's Skillet,Bonnie Mcmurray,5900,1,2024-05-17T20:42:33.000Z,https://universalis.app/market/2497
2498,Iron Frypan,Harriet Montgomery,7000,1,2024-05-10T06:44:55.000Z,https://universalis.app/market/2498
2499,Bomb Frypan,Esther Keshet,10000,1,2024-04-22T09:21:18.000Z,https://universalis.app/market/2499
5528,Bomb Ash,Zolin Ralin,20000000,1,2024-05-02T21:47:56.000Z,https://universalis.app/market/5528
2500,Steel Skillet,Botcho Fulmhu,4500,1,2024-05-13T10:15:43.000Z,https://universalis.app/market/2500
2501,White Skillet,Fox Crowley,2999,1,2024-05-16T23:57:42.000Z,https://universalis.app/market/2501
2502,Steel Frypan,Sager Step-on-me,46077,1,2024-04-23T00:22:08.000Z,https://universalis.app/market/2502
2503,Cobalt Skillet,Matsu Merry,10000,1,2024-04-25T13:38:26.000Z,https://universalis.app/market/2503
2504,Hells' Kitchen,Fin Dei-ijla,34000,1,2024-05-02T15:09:28.000Z,https://universalis.app/market/2504
2507,Amateur's Culinary Knife,Harriet Montgomery,2000,1,2024-04-28T21:59:08.000Z,https://universalis.app/market/2507
2508,Bronze Culinary Knife,Helmiknok Dadestoryer,2000,1,2024-05-09T20:09:16.000Z,https://universalis.app/market/2508
2510,Iron Culinary Knife,Sirrion Dragonfang,10000,1,2024-04-28T03:18:02.000Z,https://universalis.app/market/2510
2511,Initiate's Culinary Knife,Arnet Atoel,10000,1,2024-04-22T23:40:50.000Z,https://universalis.app/market/2511
2513,Steel Culinary Knife,Van Haigood,16000,1,2024-05-02T05:11:36.000Z,https://universalis.app/market/2513
2514,Wrapped Steel Culinary Knife,Grant Revolation,10000,1,2024-04-30T00:35:01.000Z,https://universalis.app/market/2514
2516,Mythril Culinary Knife,Paprin Theode,49999,1,2024-04-22T17:53:25.000Z,https://universalis.app/market/2516
2517,Cobalt Culinary Knife,Zarah Chere,18000,1,2024-04-30T05:49:44.000Z,https://universalis.app/market/2517
2518,Militia Culinary Knife,Orion Moonshadow,35000,1,2024-05-14T22:42:24.000Z,https://universalis.app/market/2518
2520,Bronze Pickaxe,Azilloth Ebonheart,10000,1,2024-04-24T02:56:51.000Z,https://universalis.app/market/2520
2521,Amateur's Pickaxe,Sky Darkheart,7000,1,2024-05-04T08:56:47.000Z,https://universalis.app/market/2521
2522,Plumed Bronze Pickaxe,Medoh Meshi,10000,1,2024-05-01T08:59:58.000Z,https://universalis.app/market/2522
2523,Iron Pickaxe,Hamilton Xandra,2999,1,2024-05-17T17:46:48.000Z,https://universalis.app/market/2523
2524,Initiate's Pickaxe,Jagannath Dragonheart,10000,1,2024-04-27T07:28:39.000Z,https://universalis.app/market/2524
2525,Iron Dolabra,Jean-paul Frogtre,7531,1,2024-04-30T00:38:57.000Z,https://universalis.app/market/2525
2526,Steel Pickaxe,Ashlyn Sybella,10000,1,2024-04-25T13:26:06.000Z,https://universalis.app/market/2526
2527,Steel Dolabra,Sophia Z'ee,25500,1,2024-04-23T16:46:15.000Z,https://universalis.app/market/2527
2528,Plumed Mythril Pickaxe,Tiamat Dragonhart,50000,1,2024-05-06T00:49:51.000Z,https://universalis.app/market/2528
5327,Undyed Linen,Shirase Yoshida,50000,1,2024-05-19T01:08:26.000Z,https://universalis.app/market/5327
2529,Cobalt Dolabra,Flix Tal'dyr,35500,1,2024-05-15T00:25:05.000Z,https://universalis.app/market/2529
2530,Egret Dolabra,Elseonne Glacefier,59999,1,2024-04-22T03:20:12.000Z,https://universalis.app/market/2530
2534,Bronze Sledgehammer,Reaver Rose,10000,1,2024-04-24T01:35:29.000Z,https://universalis.app/market/2534
2536,Initiate's Sledgehammer,Roniko Meshaneko,14000,1,2024-04-23T21:18:59.000Z,https://universalis.app/market/2536
2537,Iron Sledgehammer,Orion Moonshadow,10000,1,2024-04-30T21:28:55.000Z,https://universalis.app/market/2537
2539,Steel Sledgehammer,Yae Bi,45000,1,2024-04-27T12:29:09.000Z,https://universalis.app/market/2539
2540,Wrapped Steel Sledgehammer,Genevieve Raventhorn,12000,1,2024-05-06T12:43:03.000Z,https://universalis.app/market/2540
2542,Mythril Sledgehammer,Shield Bae,20000,1,2024-04-29T22:56:36.000Z,https://universalis.app/market/2542
2543,Cobalt Sledgehammer,Abeline Cocoa,25000,1,2024-05-11T19:43:30.000Z,https://universalis.app/market/2543
2544,Militia Sledgehammer,Gideon Lu'trimos,35000,1,2024-05-15T00:19:38.000Z,https://universalis.app/market/2544
2546,Bronze Hatchet,Soteria Perrin,75000,1,2024-05-04T14:09:21.000Z,https://universalis.app/market/2546
2547,Amateur's Hatchet,Leia Lala,5000,1,2024-05-11T20:04:17.000Z,https://universalis.app/market/2547
2548,Iron Hatchet,Freya Stark,1000,1,2024-04-23T04:18:04.000Z,https://universalis.app/market/2548
2549,Initiate's Hatchet,Kalleena Aedras,8999,1,2024-04-24T22:24:54.000Z,https://universalis.app/market/2549
2550,Brass Hatchet,Token Eastwood,3996,1,2024-04-30T13:30:39.000Z,https://universalis.app/market/2550
2551,Plumed Iron Hatchet,Sager Blood-goddess,55555,1,2024-04-26T18:39:03.000Z,https://universalis.app/market/2551
5359,Chocobo Feather,Ravyn Thurnstone,8500,2,2024-04-22T22:14:29.000Z,https://universalis.app/market/5359
2552,Steel Hatchet,Zogomo Mythos,16999,1,2024-04-30T07:13:38.000Z,https://universalis.app/market/2552
2553,Plumed Steel Hatchet,Sirrion Dragonfang,4000,1,2024-04-28T22:28:00.000Z,https://universalis.app/market/2553
2554,Mythril Hatchet,Crayola Knight,50000,1,2024-05-13T02:20:47.000Z,https://universalis.app/market/2554
2555,Cobalt Hatchet,Azra Sunna,30000,1,2024-04-30T07:08:58.000Z,https://universalis.app/market/2555
2556,Horned Hatchet,Wonrei Liyen,30000,1,2024-04-23T22:45:45.000Z,https://universalis.app/market/2556
2560,Bronze Scythe,Reaver Rose,10009,1,2024-04-24T01:35:49.000Z,https://universalis.app/market/2560
2562,Iron Scythe,Ten Chi,25500,1,2024-05-01T01:17:47.000Z,https://universalis.app/market/2562
2563,Initiate's Scythe,Jean-paul Frogtre,6000,1,2024-04-29T01:08:45.000Z,https://universalis.app/market/2563
2565,Steel Scythe,Map Lock,50047,1,2024-05-12T15:19:45.000Z,https://universalis.app/market/2565
2566,Wrapped Steel Scythe,Violin Musicorum,20000,1,2024-04-25T22:38:53.000Z,https://universalis.app/market/2566
2568,Mythril Scythe,Koya Qerel,25000,1,2024-05-05T02:31:13.000Z,https://universalis.app/market/2568
2569,Cobalt Scythe,Azra Sunna,20000,1,2024-04-30T07:08:50.000Z,https://universalis.app/market/2569
2570,Militia Scythe,Geisha Devine,65493,1,2024-05-14T04:50:06.000Z,https://universalis.app/market/2570
2572,Maple Fishing Rod,Laddy Varra,3777,1,2024-05-11T20:11:18.000Z,https://universalis.app/market/2572
2573,Amateur's Fishing Rod,Tisiphone Kore,2000,1,2024-05-13T18:22:05.000Z,https://universalis.app/market/2573
2574,Elm Fishing Rod,Aurora Fae,5000,1,2024-05-12T05:37:05.000Z,https://universalis.app/market/2574
2575,Initiate's Fishing Rod,Ben Lued,1899,1,2024-04-24T16:34:01.000Z,https://universalis.app/market/2575
2576,Yew Fishing Rod,Hatakora Kit,34995,1,2024-04-29T03:56:32.000Z,https://universalis.app/market/2576
2577,Staghorn Fishing Rod,Yozora Nhmir,3000,1,2024-05-13T05:58:34.000Z,https://universalis.app/market/2577
2578,Walnut Fishing Rod,Xeos Xeor,89999,1,2024-04-24T19:15:08.000Z,https://universalis.app/market/2578
2579,Horn Fishing Rod,Versai Tenebria,900,1,2024-04-26T20:22:16.000Z,https://universalis.app/market/2579
2580,Mahogany Fishing Rod,Flying Pillow,10000,1,2024-05-04T18:11:54.000Z,https://universalis.app/market/2580
2581,Rosewood Fishing Rod,Milena Rei,9500,1,2024-04-22T01:51:17.000Z,https://universalis.app/market/2581
2582,Gilded Rosewood Fishing Rod,Faul'st Helio,32000,1,2024-04-30T16:53:55.000Z,https://universalis.app/market/2582
2588,Crayfish Ball,Ace Deathlord,40,95,2024-04-30T06:37:56.000Z,https://universalis.app/market/2588
4825,Rye Flour,Friday Addams,500,18,2024-04-25T16:30:33.000Z,https://universalis.app/market/4825
4925,Crayfish,Sophia Vrinn,2500,1,2024-05-19T23:00:47.000Z,https://universalis.app/market/4925
2589,Goby Ball,Sunbear Valace,389,99,2024-05-16T10:19:12.000Z,https://universalis.app/market/2589
4931,Dusk Goby,Ke'rii Ogasawara,2000,1,2024-05-16T20:49:51.000Z,https://universalis.app/market/4931
2593,Crab Ball,Sumire Tenshi,50,99,2024-05-09T22:41:05.000Z,https://universalis.app/market/2593
4880,Helmet Crab,Ruffled Owlet,4500,1,2024-05-01T19:08:39.000Z,https://universalis.app/market/4880
2595,Bass Ball,Valethorn Odessa,26,99,2024-04-29T02:52:29.000Z,https://universalis.app/market/2595
4826,Sunset Wheat Flour,Copper Vine,302,4,2024-05-15T03:28:47.000Z,https://universalis.app/market/4826
4959,Dark Bass,Lady Asuna,2300,8,2024-04-24T17:32:09.000Z,https://universalis.app/market/4959
2598,Herring Ball,Astraea D'arius,99,40,2024-05-11T05:43:52.000Z,https://universalis.app/market/2598
4895,Indigo Herring,Nuk'e Rosedrifter,1000,3,2024-04-26T03:50:52.000Z,https://universalis.app/market/4895
2610,Chocobo Fly,Reirei Namiaya,994,99,2024-04-22T18:01:54.000Z,https://universalis.app/market/2610
2611,Floating Minnow,Meeko Mukash,99,48,2024-05-11T00:33:53.000Z,https://universalis.app/market/2611
2612,Brass Spoon Lure,Sumire Tenshi,1004,1,2024-05-09T22:41:28.000Z,https://universalis.app/market/2612
2614,Crow Fly,Sumire Tenshi,899,3,2024-05-09T22:40:47.000Z,https://universalis.app/market/2614
2616,Steel Jig,Lumen Schnee,754,99,2024-04-26T02:51:43.000Z,https://universalis.app/market/2616
2617,Sinking Minnow,B'rihnn Shall,3000,5,2024-05-05T00:38:42.000Z,https://universalis.app/market/2617
2618,Snurble Fly,S'llandre Flamh,3000,5,2024-05-08T21:02:57.000Z,https://universalis.app/market/2618
5349,Snurble Tufts,Celeste Pendragon,995,3,2024-04-24T03:12:06.000Z,https://universalis.app/market/5349
2619,Heavy Steel Jig,Ren Ra-ra-ra,3000,5,2024-05-05T08:35:14.000Z,https://universalis.app/market/2619
2620,Spinner,Forseti Eckesachs,4000,5,2024-04-29T07:24:59.000Z,https://universalis.app/market/2620
4900,Whitelip Oyster,Talika Surr,1000,10,2024-04-28T20:06:57.000Z,https://universalis.app/market/4900
2622,Mythril Spoon Lure,Koya Qerel,221,5,2024-05-05T02:31:58.000Z,https://universalis.app/market/2622
2623,Wildfowl Fly,Newt Astrophel,3495,5,2024-04-28T15:40:46.000Z,https://universalis.app/market/2623
2624,Topwater Frog,Lil-miss Bean,3500,5,2024-04-25T13:40:32.000Z,https://universalis.app/market/2624
2625,Rainbow Spoon Lure,B'rihnn Shall,4000,5,2024-05-05T00:40:26.000Z,https://universalis.app/market/2625
5466,Blacklip Oyster,Big Floepa,9000,4,2024-05-18T12:01:18.000Z,https://universalis.app/market/5466
2626,Spinnerbait,Gothica Garlond,5000,5,2024-05-09T10:00:45.000Z,https://universalis.app/market/2626
5329,Undyed Felt,Koruria Urabon,9000,2,2024-04-23T00:38:30.000Z,https://universalis.app/market/5329
2627,Streamer,Nemaine Sylverstep,1985,3,2024-05-02T04:53:31.000Z,https://universalis.app/market/2627
2628,Yumizuno,Anri Hastur,5000,1,2024-04-28T20:18:47.000Z,https://universalis.app/market/2628
2629,Hempen Coif,Garrish Strong,4125000,1,2024-05-12T10:44:58.000Z,https://universalis.app/market/2629
2630,Hempen Coif of Gathering,Seanzzie Lightheart,42000000,1,2024-05-07T10:55:46.000Z,https://universalis.app/market/2630
2631,Leather Calot,Rozushi Mistwalker,99999,1,2024-05-14T17:03:46.000Z,https://universalis.app/market/2631
12590,Ramie Cloth,Delilah Doree,10000,1,2024-05-12T04:11:46.000Z,https://universalis.app/market/12590
12595,Ramie Thread,Bethov Thy,3000,10,2024-04-26T15:11:53.000Z,https://universalis.app/market/12595
2652,Hempen Bandana,Lein Hart,5000000,1,2024-05-08T20:53:36.000Z,https://universalis.app/market/2652
2653,Leather Eyepatch,Rotund Rat,6000,1,2024-04-29T05:13:52.000Z,https://universalis.app/market/2653
2654,Hard Leather Pot Helm,Helmiknok Dadestoryer,999,1,2024-05-07T23:33:10.000Z,https://universalis.app/market/2654
2655,Hempen Hat,Peach Buns,32378742,1,2024-04-29T18:48:22.000Z,https://universalis.app/market/2655
2656,Bronze Chain Coif,Banana Slamma,14999,1,2024-05-17T10:15:38.000Z,https://universalis.app/market/2656
5081,Bronze Rings,Naki Candy,201,1,2024-05-19T22:03:36.000Z,https://universalis.app/market/5081
2658,Straw Hat,Terrace De'tusk,6665,1,2024-05-04T07:15:42.000Z,https://universalis.app/market/2658
5342,Straw,Mesa Boogie,200,6,2024-04-22T03:14:33.000Z,https://universalis.app/market/5342
2660,Amateur's Headgear,Renn Crosner,4500,1,2024-05-13T20:33:35.000Z,https://universalis.app/market/2660
2661,Amateur's Hempen Coif,Velvet Lunari,8000,1,2024-04-28T12:40:56.000Z,https://universalis.app/market/2661
2662,Bronze Sallet,Chroah Teiwaz,5005,1,2024-05-01T12:02:26.000Z,https://universalis.app/market/2662
2663,Stablemaid's Hat,Rosaline Hildegard,19185,1,2024-05-18T06:26:52.000Z,https://universalis.app/market/2663
5540,Carnation,Sammy Highwind,15,10,2024-05-08T01:10:14.000Z,https://universalis.app/market/5540
2664,Bronze Barbut,Helba Ahieress,44444,1,2024-05-05T21:17:04.000Z,https://universalis.app/market/2664
2665,Cotton Turban,Dazaii Osamu,33300,1,2024-04-28T08:16:22.000Z,https://universalis.app/market/2665
2666,Stablehand's Hat,Yukki Dhoro,10000,1,2024-04-26T14:08:18.000Z,https://universalis.app/market/2666
2668,Brass Spectacles,Sanavar Nalthis,5006,1,2024-05-05T20:14:57.000Z,https://universalis.app/market/2668
5512,Clear Glass Lens,Silas Othemaas,1000,2,2024-04-22T21:33:05.000Z,https://universalis.app/market/5512
2669,Hard Leather Eyepatch,Omni Heartless,999,1,2024-05-10T22:06:33.000Z,https://universalis.app/market/2669
2670,Cotton Scarf,Desumi Soul,25000000,1,2024-05-11T20:53:10.000Z,https://universalis.app/market/2670
2672,Hard Leather Skullcap,Queen Raspberry,4000,1,2024-05-19T08:45:20.000Z,https://universalis.app/market/2672
2673,Bronze Celata,Sky Eclipse,1500,1,2024-04-23T06:09:48.000Z,https://universalis.app/market/2673
2675,Ash Mask,Serephine Devoule,30250000,1,2024-05-11T08:11:31.000Z,https://universalis.app/market/2675
2677,Hunting Hat,Firey Dragon,10000,1,2024-05-06T02:47:07.000Z,https://universalis.app/market/2677
2680,Decorated Bronze Barbut,Van Haigood,25000,1,2024-04-26T18:33:00.000Z,https://universalis.app/market/2680
2685,Brass Circlet (Sunstone),Atha Ra'ahn,4050,1,2024-05-17T14:58:29.000Z,https://universalis.app/market/2685
5169,Sunstone,Illidari Nightfall,320,2,2024-05-02T01:26:32.000Z,https://universalis.app/market/5169
2687,Brass Circlet (Danburite),Eley Lalafeley,1009,1,2024-04-27T05:35:43.000Z,https://universalis.app/market/2687
5170,Danburite,Morgan D'inwhe,24,1,2024-05-11T19:14:47.000Z,https://universalis.app/market/5170
2689,Brass Circlet (Malachite),Wax-on Wax-off,210,1,2024-05-08T20:30:56.000Z,https://universalis.app/market/2689
5171,Malachite,Koruria Urabon,1500,2,2024-04-26T23:32:47.000Z,https://universalis.app/market/5171
2691,Brass Circlet (Sphene),Teddi Meadows,3999,1,2024-04-25T02:14:13.000Z,https://universalis.app/market/2691
5172,Sphene,Ms Eldari,175,1,2024-04-24T12:23:24.000Z,https://universalis.app/market/5172
2693,Brass Circlet (Fluorite),Ten Chi,90,1,2024-05-01T01:18:21.000Z,https://universalis.app/market/2693
5173,Fluorite,Ruven Dorsys,90,3,2024-04-25T04:48:38.000Z,https://universalis.app/market/5173
2695,Brass Circlet (Lapis Lazuli),Kalleena Aedras,450,1,2024-04-23T20:01:39.000Z,https://universalis.app/market/2695
5174,Lapis Lazuli,John Forest,2124,2,2024-05-12T01:39:59.000Z,https://universalis.app/market/5174
2697,Goatskin Pot Helm,Nawdie D'fun,8000,1,2024-05-02T12:28:53.000Z,https://universalis.app/market/2697
2699,Cotton Coif,Token Eastwood,1600,1,2024-05-04T23:22:39.000Z,https://universalis.app/market/2699
2700,Cotton Coif of Gathering,Roniko Meshaneko,5000,1,2024-04-23T21:22:28.000Z,https://universalis.app/market/2700
2703,Ash Mask (Lapis Lazuli),Yerentai Haragin,16009,1,2024-05-18T03:07:55.000Z,https://universalis.app/market/2703
2708,Iron Sallet,Daddy Stovepipe,2000,1,2024-04-28T20:54:29.000Z,https://universalis.app/market/2708
2710,Goatskin Eyepatch,Aeise Olivier,10000,1,2024-05-14T23:30:29.000Z,https://universalis.app/market/2710
2712,Iron Celata,Helmiknok Dadestoryer,1000,1,2024-05-17T22:26:31.000Z,https://universalis.app/market/2712
5082,Iron Rings,Vincent Gray,2000,1,2024-05-04T18:25:58.000Z,https://universalis.app/market/5082
2714,Initiate's Headgear,Jisoo Minatozaki,49999,1,2024-04-23T03:23:34.000Z,https://universalis.app/market/2714
2719,Cotton Sugarloaf Hat,Zyandr Amaterasu,80000000,1,2024-04-25T06:37:59.000Z,https://universalis.app/market/2719
2723,Iron Elmo,Lazura Drakon,8000,1,2024-05-02T23:07:12.000Z,https://universalis.app/market/2723
2725,Reinforced Iron Sallet,Xeos Xeor,20000,1,2024-04-24T19:15:28.000Z,https://universalis.app/market/2725
2727,Velveteen Bandana,Abeline Cocoa,26999,1,2024-05-09T03:44:57.000Z,https://universalis.app/market/2727
2728,Silver Spectacles,Eonios Fylaks,25000,1,2024-05-19T00:31:33.000Z,https://universalis.app/market/2728
2729,Velveteen Turban,Astaralynn Foreshadow,9000,1,2024-05-16T15:30:50.000Z,https://universalis.app/market/2729
2731,Silver Magnifiers,Joyous Melody,20000,1,2024-05-09T02:49:13.000Z,https://universalis.app/market/2731
2733,Velveteen Wedge Cap of Crafting,Wax-on Wax-off,4898,1,2024-05-13T20:45:32.000Z,https://universalis.app/market/2733
2734,Velveteen Wedge Cap of Gathering,Avinna Fyre,7500,1,2024-04-23T20:53:45.000Z,https://universalis.app/market/2734
2735,Silver Circlet (Garnet),Carlotta Torrsos,50000,1,2024-05-15T06:25:43.000Z,https://universalis.app/market/2735
5175,Garnet,Serenoa Lunaris,100,7,2024-04-29T05:04:28.000Z,https://universalis.app/market/5175
2737,Silver Circlet (Goshenite),Rafflesia Aesthesia,15000,1,2024-04-22T06:21:24.000Z,https://universalis.app/market/2737
5176,Goshenite,Aryth Raylyth,199,1,2024-04-23T01:13:03.000Z,https://universalis.app/market/5176
2739,Silver Circlet (Peridot),Carmella Frostflower,20000,1,2024-04-29T03:24:59.000Z,https://universalis.app/market/2739
5177,Peridot,Qitari Habetrot,500,1,2024-05-17T15:37:28.000Z,https://universalis.app/market/5177
2741,Silver Circlet (Heliodor),Osirion Silverblade,20000,1,2024-04-29T10:15:38.000Z,https://universalis.app/market/2741
5178,Heliodor,Finwick Shorttail,1000,1,2024-04-25T01:42:19.000Z,https://universalis.app/market/5178
2743,Silver Circlet (Amethyst),Arzuno Antiqua,8000,1,2024-05-13T07:17:26.000Z,https://universalis.app/market/2743
5179,Amethyst,Aisha Rashan,50,2,2024-04-24T00:16:29.000Z,https://universalis.app/market/5179
2745,Silver Circlet (Aquamarine),Kika Toki,19999,1,2024-05-14T14:52:31.000Z,https://universalis.app/market/2745
5180,Aquamarine,Catcatisa Misa,200,2,2024-04-25T21:06:12.000Z,https://universalis.app/market/5180
2750,Velveteen Beret,Lilith Taure,40026,1,2024-05-05T01:54:59.000Z,https://universalis.app/market/2750
5343,Cotton Boll,Clarence Astralis,1000,1,2024-05-19T19:40:03.000Z,https://universalis.app/market/5343
5355,Dodo Feather,Moxie Vrugn'endosh,329,1,2024-04-22T14:47:59.000Z,https://universalis.app/market/5355
2753,Steel Sallet,Karyn Ava,39999,1,2024-04-24T01:18:23.000Z,https://universalis.app/market/2753
2755,Steel Celata,Victor Wolf,65825,1,2024-05-13T08:24:46.000Z,https://universalis.app/market/2755
2757,Vintage Celata,Ninetailed Fox,30000,1,2024-05-08T13:56:55.000Z,https://universalis.app/market/2757
2758,Steel Goggles,Raikyo Deus,9000000,1,2024-05-03T00:15:40.000Z,https://universalis.app/market/2758
2763,Velveteen Sugarloaf Hat,Johana Bladebolt,32500,1,2024-04-26T16:37:38.000Z,https://universalis.app/market/2763
2765,Steel Elmo,Freckles Sedona,5531,1,2024-05-15T16:21:36.000Z,https://universalis.app/market/2765
2767,Skull Eyepatch,Shady Deed,29930,1,2024-04-27T07:08:24.000Z,https://universalis.app/market/2767
2769,Mythril Magnifiers,Eji Mika,7500,1,2024-05-15T03:29:22.000Z,https://universalis.app/market/2769
2774,Mythril Spectacles,Shady Deed,20047,1,2024-04-27T07:07:54.000Z,https://universalis.app/market/2774
2776,Linen Turban,Kalleena Aedras,15499,1,2024-04-30T03:41:41.000Z,https://universalis.app/market/2776
2778,Angler's Hat,Syllvaecis Paseveil,50000,1,2024-05-04T02:10:56.000Z,https://universalis.app/market/2778
2779,Linen Hat,Coco Jumbo,26000,1,2024-04-28T21:07:06.000Z,https://universalis.app/market/2779
2785,Vintage Chef's Hat,Death Metal,40050,1,2024-04-28T21:23:09.000Z,https://universalis.app/market/2785
2657,Ripped Chef's Hat,Vebvi'vi Di'vici,19999,1,2024-04-25T15:13:25.000Z,https://universalis.app/market/2657
2786,Steel Barbut,E'lessa Furuiryuo,5000,1,2024-04-28T23:57:35.000Z,https://universalis.app/market/2786
2788,Boarskin Pot Helm,Choco Muffin,20000,1,2024-04-25T06:31:01.000Z,https://universalis.app/market/2788
2790,Mythril Circlet (Rubellite),Ehbe'ya Zhida,40037,1,2024-05-10T02:40:37.000Z,https://universalis.app/market/2790
5181,Rubellite,Bexalia Asteria,500,2,2024-05-14T03:10:21.000Z,https://universalis.app/market/5181
2792,Mythril Circlet (Zircon),Amiella Alba,5000,1,2024-04-23T22:23:11.000Z,https://universalis.app/market/2792
5182,Zircon,Karasu Gremory,800,1,2024-04-25T19:50:26.000Z,https://universalis.app/market/5182
2794,Mythril Circlet (Tourmaline),Ayla Pharso,11700000,1,2024-05-08T03:05:53.000Z,https://universalis.app/market/2794
2796,Mythril Circlet (Amber),Taira Anzai,4999,1,2024-05-01T05:02:35.000Z,https://universalis.app/market/2796
5184,Amber,Karasu Gremory,202,7,2024-04-24T18:14:11.000Z,https://universalis.app/market/5184
2798,Mythril Circlet (Spinel),Mesa Boogie,3036,1,2024-04-24T02:51:54.000Z,https://universalis.app/market/2798
5185,Spinel,Alyssa Wilde,2001,1,2024-05-15T05:52:04.000Z,https://universalis.app/market/5185
2800,Mythril Circlet (Turquoise),Zoery Solwyn,9995,1,2024-04-26T22:48:44.000Z,https://universalis.app/market/2800
5186,Turquoise,Luna Stormwolf,302,2,2024-05-09T14:37:22.000Z,https://universalis.app/market/5186
2802,Mythril Elmo,Marleena Vox,50041,1,2024-05-12T20:42:54.000Z,https://universalis.app/market/2802
2804,Linen Wedge Cap of Crafting,Tary Cadenza,7000,1,2024-04-22T01:17:53.000Z,https://universalis.app/market/2804
2805,Linen Wedge Cap of Gathering,Aspen Winterfield,20000,1,2024-04-24T21:32:03.000Z,https://universalis.app/market/2805
2806,Woolen Coif,Violet Anna,50000,1,2024-04-23T23:27:21.000Z,https://universalis.app/market/2806
5328,Undyed Woolen Cloth,Tasheem Sangare,9000,1,2024-04-28T19:34:34.000Z,https://universalis.app/market/5328
2808,Woolen Coif of Gathering,Cardi Hi-c,35500,1,2024-05-02T02:29:04.000Z,https://universalis.app/market/2808
2810,Woolen Turban,Sui Fon,30000,1,2024-05-07T17:49:57.000Z,https://universalis.app/market/2810
2812,Mythril Celata,D'ade Murphy,59841,1,2024-05-13T05:24:33.000Z,https://universalis.app/market/2812
5089,Mythril Rings,Myi' Ke,2000,1,2024-04-27T15:40:25.000Z,https://universalis.app/market/5089
2814,Woolen Hat,Meppermint Pocha,15100,1,2024-05-03T15:50:14.000Z,https://universalis.app/market/2814
2816,Linen Deerstalker,Arelya Sacquet,30000,1,2024-04-23T22:42:04.000Z,https://universalis.app/market/2816
2817,Mythril Barbut,Amelia Mercer,11000,1,2024-04-22T06:36:31.000Z,https://universalis.app/market/2817
2819,Mythril Mesail,Willow Riversong,24000000,1,2024-04-22T03:08:16.000Z,https://universalis.app/market/2819
2825,Ranger's Hat,Hana Hagane,50,1,2024-04-29T16:09:15.000Z,https://universalis.app/market/2825
2827,Mythril Chain Coif,Jean-paul Frogtre,15940,1,2024-05-07T20:40:21.000Z,https://universalis.app/market/2827
2829,Woolen Beret,Daria Durami,55555,1,2024-04-23T04:35:57.000Z,https://universalis.app/market/2829
5348,Apkallu Down,Senna Ashido,3000,8,2024-05-04T09:13:44.000Z,https://universalis.app/market/5348
2830,Reinforced Mythril Elmo,Sager Step-on-me,55555,1,2024-04-27T01:31:51.000Z,https://universalis.app/market/2830
2832,Woolen Cavalier's Hat,Lo Ysbryd,1499,1,2024-05-18T20:46:45.000Z,https://universalis.app/market/2832
2834,Cobalt Preserves,Harriet Montgomery,100000,1,2024-04-30T23:27:55.000Z,https://universalis.app/market/2834
2835,Felt Coif,Mother Knows'best,5000,1,2024-04-23T06:26:25.000Z,https://universalis.app/market/2835
2837,Felt Coif of Gathering,Dom Royale,13100,1,2024-04-29T02:30:14.000Z,https://universalis.app/market/2837
2850,Cobalt Elmo,Mike Sims,20000,1,2024-05-03T10:41:55.000Z,https://universalis.app/market/2850
2852,Felt Hat,Aeyma Yelho,25000,1,2024-04-22T21:18:51.000Z,https://universalis.app/market/2852
2854,Woolen Deerstalker,Konnor Valen,20000,1,2024-05-14T19:35:38.000Z,https://universalis.app/market/2854
2855,Vintage Jester's Cap,Nithrin Gorthrit,50000,1,2024-04-27T03:54:20.000Z,https://universalis.app/market/2855
2702,Moldering Jester's Cap,G'kar Valen,1500,1,2024-05-01T01:41:54.000Z,https://universalis.app/market/2702
2857,Electrum Monocle,Meteor Finalfantasy,99999,1,2024-04-29T04:27:08.000Z,https://universalis.app/market/2857
5087,Brass Rings,Sycella Morning,700,99,2024-04-27T08:45:04.000Z,https://universalis.app/market/5087
2859,Cobalt Barbut,Amethyst Hythloday,25000,1,2024-05-07T00:25:15.000Z,https://universalis.app/market/2859
2861,Cobalt Mesail,Daria Durami,50000,1,2024-04-25T17:50:41.000Z,https://universalis.app/market/2861
2862,Raptorskin Pot Helm,Juno Hoslow,24999,1,2024-05-03T11:29:40.000Z,https://universalis.app/market/2862
2870,Electrum Circlet (Rubellite),Roselyn Iris,15055,1,2024-04-27T23:25:02.000Z,https://universalis.app/market/2870
2872,Electrum Circlet (Zircon),Lily Epheris,999999999,1,2024-05-11T01:37:24.000Z,https://universalis.app/market/2872
2874,Electrum Circlet (Tourmaline),E'lizabeth Fahnah,3954,1,2024-04-26T22:05:39.000Z,https://universalis.app/market/2874
2876,Electrum Circlet (Amber),Klaxar Sight,36000,1,2024-05-09T12:01:26.000Z,https://universalis.app/market/2876
2878,Electrum Circlet (Spinel),Zarck Percedal,44444,1,2024-04-22T17:30:48.000Z,https://universalis.app/market/2878
2880,Electrum Circlet (Turquoise),Vagabond Varr,1999,1,2024-04-25T04:05:57.000Z,https://universalis.app/market/2880
2882,Rainmaker's Hat,Lailah Lamassu,75000,1,2024-05-11T17:10:36.000Z,https://universalis.app/market/2882
2884,Cobalt Chain Coif,Ninetailed Fox,23000,1,2024-05-09T00:27:01.000Z,https://universalis.app/market/2884
5084,Cobalt Rings,Myi' Ke,1250,4,2024-04-27T18:02:35.000Z,https://universalis.app/market/5084
2886,Felt Beret,Rieva Marchal,42490,1,2024-04-27T01:37:24.000Z,https://universalis.app/market/2886
2888,Vintage Coif,Titan Tiddies,25000,1,2024-05-14T13:42:17.000Z,https://universalis.app/market/2888
2759,Torn Coif,Oliver Witte,1700,1,2024-05-12T00:55:08.000Z,https://universalis.app/market/2759
2889,Cobalt Celata,Xia Red,2000,1,2024-05-19T08:53:31.000Z,https://universalis.app/market/2889
2891,Felt Cavalier's Hat,Merveille Valeri,38895,1,2024-05-09T11:22:05.000Z,https://universalis.app/market/2891
2893,Cobalt Sallet,Lost Mans,50000,1,2024-04-24T23:34:02.000Z,https://universalis.app/market/2893
2895,Patrician's Wedge Cap,Karru Fryst,50000,1,2024-04-30T12:14:43.000Z,https://universalis.app/market/2895
2911,Militia Barbut,Kassandra Lockhart,52000,1,2024-05-07T23:35:14.000Z,https://universalis.app/market/2911
2912,Militia Armet,Elu Dawnlily,1900,1,2024-04-25T20:13:44.000Z,https://universalis.app/market/2912
2913,Militia Hat,Alicyn Wonderland,1300,1,2024-05-11T01:11:52.000Z,https://universalis.app/market/2913
2915,Silver Tricorne,Moe Aoyama,16000,1,2024-04-22T22:12:02.000Z,https://universalis.app/market/2915
5287,Uraeus Leather,Neo Cadenza,15000,1,2024-05-02T06:59:25.000Z,https://universalis.app/market/5287
2920,Carpenter's Hood,Mosette Auzonir,7990,1,2024-04-23T16:42:56.000Z,https://universalis.app/market/2920
2921,Blacksmith's Goggles,Sollaeren Guilthana,19990,1,2024-05-17T18:39:09.000Z,https://universalis.app/market/2921
2922,Armorer's Visor,Yunalesca Yevon,9998,1,2024-05-17T07:32:46.000Z,https://universalis.app/market/2922
2923,Goldsmith's Turban,Tera Shell,5800,1,2024-05-11T18:53:45.000Z,https://universalis.app/market/2923
2924,Leatherworker's Hat,Tera Shell,10000,1,2024-05-11T18:53:54.000Z,https://universalis.app/market/2924
2925,Weaver's Gibus,Tera Shell,39750,1,2024-05-11T18:54:04.000Z,https://universalis.app/market/2925
2926,Alchemist's Monocle,Tera Shell,50000,1,2024-05-11T18:54:13.000Z,https://universalis.app/market/2926
2927,Culinarian's Hat,Sylvana Mul'droth,50000,1,2024-05-13T23:01:32.000Z,https://universalis.app/market/2927
2928,Hamlet Digger's Helmet,Puppy Lover,50000,1,2024-05-09T17:57:31.000Z,https://universalis.app/market/2928
2929,Hamlet Cutter's Hat,Wonrei Liyen,30000,1,2024-04-23T22:46:10.000Z,https://universalis.app/market/2929
2930,Hamlet Puller's Hat,Artorius Lionheart,45000,1,2024-05-02T06:56:32.000Z,https://universalis.app/market/2930
2932,Rose Gold Circlet,Riha Kishimoto,1200,1,2024-04-22T05:40:40.000Z,https://universalis.app/market/2932
2931,Legionary Visor,Courtesan Roulette,445900000,1,2024-05-11T01:02:24.000Z,https://universalis.app/market/2931
5067,Rose Gold Ingot,Mishina Kana,1999,17,2024-05-10T21:07:37.000Z,https://universalis.app/market/5067
2933,Imperial Operative Tricorne,Lailah Lamassu,4999,1,2024-05-11T20:24:39.000Z,https://universalis.app/market/2933
2934,Imperial Operative Hat,Cardboard Tube,2000,1,2024-05-14T18:38:49.000Z,https://universalis.app/market/2934
2938,Gryphonskin Bandana,Lekaka Leka,1900,1,2024-04-26T20:24:38.000Z,https://universalis.app/market/2938
5289,Hard Hippogryph Leather,Neo Cadenza,9001,1,2024-05-06T02:25:42.000Z,https://universalis.app/market/5289
2939,Gryphonskin Hat,Torrent Fall,3997,1,2024-05-16T00:54:03.000Z,https://universalis.app/market/2939
2940,Darksteel Chain Coif,Felli Loss,1300,1,2024-05-09T17:42:29.000Z,https://universalis.app/market/2940
5085,Darksteel Rings,Neo Cadenza,500,2,2024-05-02T23:34:02.000Z,https://universalis.app/market/5085
2941,Vanya Hat of Casting,Kara Rednam,9000,1,2024-05-10T02:59:09.000Z,https://universalis.app/market/2941
5577,Vanya Silk Hat Lining,Cedrik Winterbane,1700,2,2024-05-11T02:55:44.000Z,https://universalis.app/market/5577
2942,Vanya Hat of Healing,Jayden Blackwaters,2092,1,2024-05-12T09:14:57.000Z,https://universalis.app/market/2942
2958,Hempen Dalmatica,Annihila Vulpes,3000,1,2024-05-12T06:00:20.000Z,https://universalis.app/market/2958
2959,Hempen Dalmatica of Gathering,Laddy Varra,2000,1,2024-05-11T13:25:26.000Z,https://universalis.app/market/2959
2960,Hempen Tunic,Fuyu Hanako,35000000,1,2024-05-04T23:10:26.000Z,https://universalis.app/market/2960
2961,Hempen Kurta,Slimyr Pasta,20000000,1,2024-05-13T22:28:19.000Z,https://universalis.app/market/2961
2993,Company Tabard,Wonker Doodle,1494999,1,2024-04-26T23:23:12.000Z,https://universalis.app/market/2993
2996,Hempen Undershirt,Kyrisa Moreria,2000,1,2024-05-08T19:51:31.000Z,https://universalis.app/market/2996
2997,Hempen Camise,Amber Sil'feria,55640000,1,2024-05-02T20:41:49.000Z,https://universalis.app/market/2997
2999,Hempen Tabard,Exodus Draconia,12000,1,2024-04-27T17:22:13.000Z,https://universalis.app/market/2999
3000,Hempen Cowl,Miyako Algizyr,5006,1,2024-04-30T17:34:51.000Z,https://universalis.app/market/3000
3001,Hempen Shepherd's Tunic,Lian Horeath,40000,1,2024-04-24T14:20:37.000Z,https://universalis.app/market/3001
3008,Hempen Acton,Wax-on Wax-off,3000,1,2024-05-04T20:15:46.000Z,https://universalis.app/market/3008
5341,Moko Grass,Mocha Roundbottom,800,2,2024-04-26T20:36:47.000Z,https://universalis.app/market/5341
3010,Hempen Halfrobe,Julie Berry,6004,1,2024-04-29T04:26:14.000Z,https://universalis.app/market/3010
3011,Bronze Haubergeon,Miana Himeko,2000,1,2024-05-01T07:24:36.000Z,https://universalis.app/market/3011
3013,Amateur's Doublet Vest,Staxyn Vardena,5007,1,2024-05-09T15:17:04.000Z,https://universalis.app/market/3013
3014,Amateur's Kurta,Cloudy Vibes,5007,1,2024-05-12T15:00:12.000Z,https://universalis.app/market/3014
3015,Amateur's Dalmatica,Makoto Dejiki,28797301,1,2024-05-08T01:35:03.000Z,https://universalis.app/market/3015
3016,Leather Jacket,Aelia Starwind,1500,1,2024-05-04T03:34:39.000Z,https://universalis.app/market/3016
3017,Hard Leather Harness,Helmiknok Dadestoryer,5500,1,2024-05-10T20:24:26.000Z,https://universalis.app/market/3017
3018,Hempen Robe,Bonnie Mcmurray,5009,1,2024-04-29T21:55:21.000Z,https://universalis.app/market/3018
3019,Hempen Doublet Vest of Crafting,Medoh Meshi,4009,1,2024-05-01T09:00:27.000Z,https://universalis.app/market/3019
3020,Hempen Doublet Vest of Gathering,Nawdie D'fun,24000,1,2024-04-27T00:59:48.000Z,https://universalis.app/market/3020
3022,Cotton Shirt,Billy Bum,5011,1,2024-05-12T21:00:22.000Z,https://universalis.app/market/3022
3023,Cotton Shepherd's Tunic,Marlikinna Maarlin,30000,1,2024-04-25T07:00:41.000Z,https://universalis.app/market/3023
3024,Cotton Cowl,Rebel Raven,10011,1,2024-05-04T07:59:00.000Z,https://universalis.app/market/3024
3026,Bronze Cuirass,Wax-on Wax-off,7011,1,2024-05-06T20:14:58.000Z,https://universalis.app/market/3026
3028,Cotton Tabard,Ser Rathsalot,14993,1,2024-05-11T05:46:47.000Z,https://universalis.app/market/3028
3036,Cotton Dalmatica,Tiny Mardreas,5015,1,2024-04-29T03:17:55.000Z,https://universalis.app/market/3036
3038,Cotton Dalmatica of Gathering,Nawdie D'fun,15000,1,2024-04-30T22:41:46.000Z,https://universalis.app/market/3038
3039,Cotton Acton,Azura Highwind,15000,1,2024-05-15T14:19:12.000Z,https://universalis.app/market/3039
3041,Cotton Kurta,Vox Syl,15000,1,2024-05-09T04:06:33.000Z,https://universalis.app/market/3041
3043,Goatskin Jacket,Drako Kane,1,1,2024-05-15T06:13:03.000Z,https://universalis.app/market/3043
3045,Iron Cuirass,Ameline Vendhen,10000,1,2024-05-15T13:05:32.000Z,https://universalis.app/market/3045
3050,Cotton Halfrobe,Dazaii Osamu,10000,1,2024-05-11T18:50:26.000Z,https://universalis.app/market/3050
3052,Cotton Doublet Vest of Crafting,Chiull Malqir,49999,1,2024-04-22T05:17:04.000Z,https://universalis.app/market/3052
3053,Cotton Doublet Vest of Gathering,Medoh Meshi,20000,1,2024-05-01T09:42:46.000Z,https://universalis.app/market/3053
3057,Iron Scale Mail,Solo Oathkeeper,25000,1,2024-05-05T00:56:47.000Z,https://universalis.app/market/3057
3060,Cotton Trapper's Tunic,Midnight Fantasy,8001,1,2024-04-26T23:19:47.000Z,https://universalis.app/market/3060
3062,Cotton Robe,Spook Kirijo,11024,1,2024-05-17T03:14:05.000Z,https://universalis.app/market/3062
3064,Initiate's Doublet Vest,Avery Wintermoon,10000,1,2024-04-30T23:37:44.000Z,https://universalis.app/market/3064
3065,Initiate's Gown,Suza'zi Zossau,14999,1,2024-05-12T16:39:05.000Z,https://universalis.app/market/3065
3066,Velveteen Shirt,Raikyo Deus,8000,1,2024-05-10T19:19:20.000Z,https://universalis.app/market/3066
3068,Heavy Iron Armor,Kumiko Sagan,5000000,1,2024-05-04T04:12:24.000Z,https://universalis.app/market/3068
3076,Vintage Coatee,Slash Bunny,15000,1,2024-04-24T00:11:58.000Z,https://universalis.app/market/3076
3009,Moth-eaten Coatee,Catopuma Toboggan,20000,1,2024-05-15T21:00:38.000Z,https://universalis.app/market/3009
3077,Velveteen Coatee of Crafting,Ash Takemura,20999,1,2024-04-25T23:32:37.000Z,https://universalis.app/market/3077
3090,Velveteen Cowl,Mixed Signals,400000000,1,2024-05-15T18:52:38.000Z,https://universalis.app/market/3090
3092,Velveteen Coatee of Gathering,Karyn Ava,34000,1,2024-04-24T01:20:39.000Z,https://universalis.app/market/3092
3096,Steel Chainmail,Scarlett O'rose,53000,1,2024-04-23T02:55:41.000Z,https://universalis.app/market/3096
5083,Steel Rings,Sycella Morning,500,99,2024-04-27T08:45:47.000Z,https://universalis.app/market/5083
3099,Toadskin Jerkin,Belle Morte,18000,1,2024-05-10T01:21:21.000Z,https://universalis.app/market/3099
3100,Toadskin Jacket,Raikyo Deus,32500,1,2024-05-10T20:11:45.000Z,https://universalis.app/market/3100
3102,Steel Cuirass,Usar Gharl,4000000,1,2024-04-22T21:23:00.000Z,https://universalis.app/market/3102
3104,Velveteen Gown,Amaryllis Sofrya,8220,1,2024-05-07T23:38:21.000Z,https://universalis.app/market/3104
3105,Vintage Doublet Vest,Bonnie Mcmurray,35000,1,2024-05-12T20:04:12.000Z,https://universalis.app/market/3105
2998,Frayed Cotton Doublet Vest,Demon Rush,5000,1,2024-04-26T12:23:32.000Z,https://universalis.app/market/2998
3106,Velveteen Robe,Baatu Ura,14800,1,2024-04-25T01:07:13.000Z,https://universalis.app/market/3106
3118,Steel Scale Mail,Balen Akadian,25000,1,2024-04-23T21:18:48.000Z,https://universalis.app/market/3118
3120,Velveteen Doublet Vest of Crafting,Ame Izayoi,35400,1,2024-05-16T15:12:26.000Z,https://universalis.app/market/3120
3121,Velveteen Doublet Vest of Gathering,Guillefresn Vairemont,35500,1,2024-04-23T07:21:30.000Z,https://universalis.app/market/3121
3125,Linen Shirt,Oliver Arrow,8500,1,2024-04-22T04:44:17.000Z,https://universalis.app/market/3125
3127,Heavy Steel Armor,Thumb Thumb,5001,1,2024-05-16T02:35:51.000Z,https://universalis.app/market/3127
3131,Linen Robe,Everly Aurora,15000,1,2024-05-08T21:17:32.000Z,https://universalis.app/market/3131
3137,Vintage Chef's Apron,Titan Tiddies,50000,1,2024-05-10T03:49:21.000Z,https://universalis.app/market/3137
3012,Stained Chef's Apron,Cardi Hi-c,11054,1,2024-05-02T02:27:13.000Z,https://universalis.app/market/3012
3138,Boarskin Harness,Kittykatt Meow,40000,1,2024-04-28T04:49:38.000Z,https://universalis.app/market/3138
3140,Linen Cowl,Rykoga Dreadstone,20000,1,2024-05-08T06:31:37.000Z,https://universalis.app/market/3140
3142,Horn Scale Mail,Echo Earthrise,40000,1,2024-05-17T01:23:05.000Z,https://universalis.app/market/3142
3144,Linen Coatee of Crafting,Versai Tenebria,50000,1,2024-05-04T20:53:27.000Z,https://universalis.app/market/3144
3145,Linen Coatee of Gathering,Sin Valentine,50000,1,2024-05-01T18:27:11.000Z,https://universalis.app/market/3145
3146,Linen Bliaud,Piza Vazi,50000,1,2024-05-09T16:39:56.000Z,https://universalis.app/market/3146
3147,Woolen Shirt,Lilith Merlskyfwyn,50000,1,2024-05-05T03:23:14.000Z,https://universalis.app/market/3147
3149,Mythril Cuirass,I'm Trig,55555,1,2024-05-16T23:37:24.000Z,https://universalis.app/market/3149
3160,Woolen Robe,Aran Iseterre,40077,1,2024-04-28T23:24:49.000Z,https://universalis.app/market/3160
3162,Linen Smock,S'rau Vorai,30000,1,2024-04-28T04:09:43.000Z,https://universalis.app/market/3162
3163,Linen Doublet,Kraze Norrix,30000,1,2024-04-28T00:29:42.000Z,https://universalis.app/market/3163
3164,Vintage Scale Mail,Ab Normal,29987,1,2024-05-02T00:06:56.000Z,https://universalis.app/market/3164
3021,Blackened Scale Mail,Amaryllis Sofrya,725,1,2024-05-07T23:23:07.000Z,https://universalis.app/market/3021
3165,Peisteskin Harness,Pix Ar'mum,28999,1,2024-04-24T05:46:07.000Z,https://universalis.app/market/3165
3172,Ranger's Tunic,Rok Da'mian,4998,1,2024-05-05T03:54:37.000Z,https://universalis.app/market/3172
3174,Mythril Haubergeon,Valvra Munilis,54999,1,2024-05-16T19:26:15.000Z,https://universalis.app/market/3174
3176,Woolen Gown,Bluu Rae,15000,1,2024-05-17T11:19:38.000Z,https://universalis.app/market/3176
3177,Boarskin Jerkin,Lost Mans,40000,1,2024-05-03T10:51:41.000Z,https://universalis.app/market/3177
3178,Woolen Bliaud,Pearl Forrester,1999,1,2024-05-09T00:41:45.000Z,https://universalis.app/market/3178
3180,High Mythril Armor,Khloe Blueberry,30000,1,2024-04-24T06:45:08.000Z,https://universalis.app/market/3180
3182,Vintage Seneschal Coatee,Nithrin Gorthrit,99000,1,2024-04-27T03:54:26.000Z,https://universalis.app/market/3182
3098,Moth-eaten Seneschal Coatee,Nmaster Nick,4999,1,2024-04-27T00:31:39.000Z,https://universalis.app/market/3098
3183,Tortoiseshell Scale Mail,Princess Princess,33000,1,2024-05-11T19:02:20.000Z,https://universalis.app/market/3183
3185,Felt Robe,G'kar Valen,20000,1,2024-05-01T01:40:50.000Z,https://universalis.app/market/3185
3187,Woolen Smock,Inimini Miniemoe,12000,1,2024-04-24T17:01:06.000Z,https://universalis.app/market/3187
3188,Woolen Doublet,Dazaii Osamu,27999,1,2024-04-28T06:16:26.000Z,https://universalis.app/market/3188
3191,Raptorskin Harness,Scarlett Twilight,13000,1,2024-04-26T04:46:21.000Z,https://universalis.app/market/3191
3193,Woolen Cowl,Sparty Mcfly,45000,1,2024-05-11T10:43:05.000Z,https://universalis.app/market/3193
3201,Rainmaker's Tunic,Korin Lareneth,49994,1,2024-04-29T15:35:18.000Z,https://universalis.app/market/3201
3203,Cobalt Haubergeon,Feralix Reyze,70000,1,2024-05-15T20:32:33.000Z,https://universalis.app/market/3203
3205,Felt Gown,David Cal,12398,1,2024-05-03T17:41:33.000Z,https://universalis.app/market/3205
3206,Raptorskin Jerkin,Naomi Lynne,43000,1,2024-05-08T12:12:17.000Z,https://universalis.app/market/3206
3208,Vintage Robe,Minute Hour,30000,1,2024-05-12T02:53:11.000Z,https://universalis.app/market/3208
3108,Tattered Robe,Talisra Moonclaw,2773,1,2024-05-03T05:39:09.000Z,https://universalis.app/market/3108
3209,Cobalt Cuirass,Kali Virac,18500,1,2024-05-03T22:00:51.000Z,https://universalis.app/market/3209
3211,Felt Bliaud,Puppie Girl,57999,1,2024-05-11T02:34:24.000Z,https://universalis.app/market/3211
3213,Raptorskin Jacket,Eluna Wormwood,22999,1,2024-04-30T20:18:54.000Z,https://universalis.app/market/3213
3215,Patrician's Coatee,Astoria Sedrakya,55109,1,2024-04-24T17:55:00.000Z,https://universalis.app/market/3215
3218,Vintage Haubergeon,Mike Sims,40000,1,2024-05-03T10:42:03.000Z,https://universalis.app/market/3218
3229,Carpenter's Gown,Srinshee Wynd,12996,1,2024-04-26T01:02:28.000Z,https://universalis.app/market/3229
3230,Blacksmith's Apron,Alunys Mazebane,25000,1,2024-04-30T18:59:10.000Z,https://universalis.app/market/3230
3233,Leatherworker's Shirt,Maximilion Pegasus,34000,1,2024-04-25T16:45:39.000Z,https://universalis.app/market/3233
3234,Weaver's Swallowtail,Blueberry Macaroons,24000,1,2024-05-07T19:34:36.000Z,https://universalis.app/market/3234
3235,Alchemist's Coat,Toriel Dremerr,27995,1,2024-04-29T00:56:40.000Z,https://universalis.app/market/3235
3236,Culinarian's Apron,Cloudy Vibes,80000,1,2024-05-02T06:06:08.000Z,https://universalis.app/market/3236
3237,Miner's Shirt,Nula Nula,56000,1,2024-05-03T23:49:57.000Z,https://universalis.app/market/3237
3238,Botanist's Doublet,Lucian Umbral,39800,1,2024-05-14T03:00:16.000Z,https://universalis.app/market/3238
3239,Fisher's Shirt,Kitsune San,80000,1,2024-05-05T14:13:46.000Z,https://universalis.app/market/3239
3240,Militia Robe,Janchette Narmandais,2000,1,2024-05-11T21:10:55.000Z,https://universalis.app/market/3240
3241,Militia Cuirass,Welos Aldmeira,3435,1,2024-05-12T02:23:53.000Z,https://universalis.app/market/3241
3242,Militia Harness,Jebei Kha,36600,1,2024-04-22T02:30:03.000Z,https://universalis.app/market/3242
3243,Mosshorn Scale Mail,Juno Hoslow,12099,1,2024-05-03T11:29:49.000Z,https://universalis.app/market/3243
5437,Mossy Horn,Makoto Aino,300,2,2024-04-26T04:17:41.000Z,https://universalis.app/market/5437
