id,name,buyerName,pricePerUnit,quantity,timestamp,universalisUrl
1602,Bronze Bastard Sword,Dove Gerraldieux,5000,1,2023-06-21T21:46:01.000Z,https://universalis.app/market/1602
2,Fire Shard,Valtemont Arscelin,400,24,2023-06-11T18:14:05.000Z,https://universalis.app/market/2
5,Earth Shard,Knomis Rothchilde,99,200,2023-06-12T20:47:34.000Z,https://universalis.app/market/5
5056,Bronze Ingot,Kana Xiao,102,4,2023-06-27T05:25:36.000Z,https://universalis.app/market/5056
5361,Maple Lumber,Nikolas Braelin,500,4,2023-07-03T18:29:30.000Z,https://universalis.app/market/5361
5432,Bone Chip,Grier Grien,98,83,2023-06-11T12:13:41.000Z,https://universalis.app/market/5432
1603,Viking Sword,Vuli Livu,4004,1,2023-06-24T14:18:26.000Z,https://universalis.app/market/1603
5275,Leather,Kana Xiao,120,1,2023-06-27T05:20:05.000Z,https://universalis.app/market/5275
1604,Ash Macuahuitl,Princess Shortcake,21445450,1,2023-06-28T12:43:48.000Z,https://universalis.app/market/1604
3,Ice Shard,Alice Nasiri,349,200,2023-06-12T06:38:20.000Z,https://universalis.app/market/3
4,Wind Shard,Seke Fortiscue,200,100,2023-06-20T01:15:43.000Z,https://universalis.app/market/4
5124,Obsidian,Anastasia Angelique,10000,33,2023-06-26T00:40:47.000Z,https://universalis.app/market/5124
5364,Ash Lumber,Rachine Kinara,500,10,2023-06-27T01:47:02.000Z,https://universalis.app/market/5364
1605,Bronze Spatha,Rift Lokean,4000,1,2023-06-28T21:02:46.000Z,https://universalis.app/market/1605
5276,Hard Leather,Rue Bix-kyoob,999,7,2023-07-06T01:48:25.000Z,https://universalis.app/market/5276
5434,Ram Horn,Dontonberry's Grudge,20,2,2023-06-10T20:56:19.000Z,https://universalis.app/market/5434
1607,Brass Bastard Sword,Grimsveldr Dvraesgard,5000,1,2023-06-12T09:22:28.000Z,https://universalis.app/market/1607
5063,Brass Ingot,Silaria Lionhart,2000,1,2023-06-29T22:57:36.000Z,https://universalis.app/market/5063
1609,Brass Viking Sword,Belit Qestir,10000,1,2023-06-12T19:58:29.000Z,https://universalis.app/market/1609
5277,Aldgoat Leather,Dino Punch-kick,3900,10,2023-06-20T15:36:06.000Z,https://universalis.app/market/5277
1611,Carnage Sword,Draco Evelard,749,1,2023-07-01T08:05:47.000Z,https://universalis.app/market/1611
1614,Iron Shortsword,Valek Thunderfist,4750,1,2023-06-15T12:07:32.000Z,https://universalis.app/market/1614
5057,Iron Ingot,Grier Grien,1250,3,2023-06-12T12:18:27.000Z,https://universalis.app/market/5057
5367,Elm Lumber,Akiri Shimizu,2500,1,2023-06-19T12:45:11.000Z,https://universalis.app/market/5367
1622,Iron Spatha,Mystique Tia,1400,1,2023-06-24T20:03:20.000Z,https://universalis.app/market/1622
5435,Antelope Horn,Nikolas Braelin,9000,10,2023-07-03T19:41:31.000Z,https://universalis.app/market/5435
1625,Steel Broadsword,Fradda Fleur,5000,1,2023-06-12T22:58:52.000Z,https://universalis.app/market/1625
5058,Steel Ingot,Ony Greystone,3999,1,2023-07-08T05:49:51.000Z,https://universalis.app/market/5058
5371,Walnut Lumber,Cero Kazehara,9999,2,2023-06-14T03:16:42.000Z,https://universalis.app/market/5371
5444,Wolf Fang,Mango Raines,1001,2,2023-07-03T11:34:27.000Z,https://universalis.app/market/5444
1627,Elm Macuahuitl,Aria Castellan,1500,1,2023-07-01T02:19:20.000Z,https://universalis.app/market/1627
1633,Steel Falchion,Crimwol Scorchex,25000,1,2023-06-23T20:10:51.000Z,https://universalis.app/market/1633
5260,Siltstone Whetstone,Rudolph Redwind,10000,1,2023-06-23T02:11:42.000Z,https://universalis.app/market/5260
8,Fire Crystal,Zero Amiya,199,101,2023-06-28T18:06:34.000Z,https://universalis.app/market/8
5259,Mudstone Whetstone,Dontonberry's Grudge,1700,23,2023-06-10T21:10:10.000Z,https://universalis.app/market/5259
1637,Walnut Macuahuitl,Lune Marpierre,6000,1,2023-06-17T04:53:43.000Z,https://universalis.app/market/1637
5125,Wyvern Obsidian,R'aqhsha Bauhnu,299,8,2023-06-29T10:52:21.000Z,https://universalis.app/market/5125
1639,Steel Longsword,Luna Aquaria,15000,1,2023-06-17T21:23:49.000Z,https://universalis.app/market/1639
5504,Fish Glue,Amara Haddox,498,2,2023-06-24T00:16:55.000Z,https://universalis.app/market/5504
1642,Goblin Scimitar,Emperor Snow,25000,1,2023-06-17T20:49:47.000Z,https://universalis.app/market/1642
1643,Mythril Broadsword,Gtrakl Belladonna,20000,1,2023-06-16T10:38:15.000Z,https://universalis.app/market/1643
5065,Mythril Ingot,Debroye Paharo,4700,5,2023-06-16T03:14:08.000Z,https://universalis.app/market/5065
5373,Oak Lumber,Zeru Pendragon,2979,2,2023-06-17T03:35:32.000Z,https://universalis.app/market/5373
1648,Vintage Viking Sword,Cherry Steal,27498,1,2023-07-05T13:33:17.000Z,https://universalis.app/market/1648
11,Earth Crystal,Rathon Gerdack,500,33,2023-07-04T17:05:49.000Z,https://universalis.app/market/11
1649,Goblin Longsword,Kether Malkuth,19800,1,2023-06-18T00:57:36.000Z,https://universalis.app/market/1649
1621,Blunt Goblin Longsword,Kol Alfrothul,10500,1,2023-06-11T09:52:37.000Z,https://universalis.app/market/1621
5262,Basilisk Whetstone,Maxx Alexandros,2000,4,2023-06-22T13:24:13.000Z,https://universalis.app/market/5262
1650,Plumed Oak Macuahuitl,Javava Leto,16000,1,2023-06-14T17:09:30.000Z,https://universalis.app/market/1650
5360,Wildfowl Feather,Welsh Barrett,4500,1,2023-06-14T17:34:23.000Z,https://universalis.app/market/5360
1657,Cobalt Katzbalger,Vicenzo Volpe,8421,1,2023-06-15T20:53:36.000Z,https://universalis.app/market/1657
5059,Cobalt Ingot,Omega Body,5000,1,2023-07-06T20:40:27.000Z,https://universalis.app/market/5059
5066,Electrum Ingot,Ajax Hughes,4000,3,2023-06-28T02:09:04.000Z,https://universalis.app/market/5066
5282,Boar Leather,Ms Eldari,10000,1,2023-07-05T11:22:25.000Z,https://universalis.app/market/5282
1659,Cobalt Shamshir,Nonononono Nonononono,47599,1,2023-06-12T02:32:00.000Z,https://universalis.app/market/1659
5436,Aldgoat Horn,Nero Fatebreaker,3000,5,2023-07-06T04:24:21.000Z,https://universalis.app/market/5436
1663,Cobalt Winglet,Reeses Into'pieces,49999,1,2023-06-17T20:21:50.000Z,https://universalis.app/market/1663
5374,Mahogany Lumber,Hartu Kohai,3500,1,2023-07-01T02:05:09.000Z,https://universalis.app/market/5374
5465,Sunrise Tellin,River Pond,500,9,2023-06-15T18:04:03.000Z,https://universalis.app/market/5465
5505,Horn Glue,X'sol Iceblood,15000,6,2023-06-14T05:26:52.000Z,https://universalis.app/market/5505
1666,Giantsgall Longsword,Loki Nibelhiem,2980,1,2023-06-10T18:10:42.000Z,https://universalis.app/market/1666
18,Lightning Cluster,C'tadhara Kettha,500,100,2023-06-15T00:08:46.000Z,https://universalis.app/market/18
19,Water Cluster,Jiluna Araxie,350,100,2023-07-04T05:20:21.000Z,https://universalis.app/market/19
7620,Diluted Vitriol,Nyx Severin,2000,1,2023-06-21T07:56:05.000Z,https://universalis.app/market/7620
1670,Aeolian Scimitar,Kieran Corvinus,91800,1,2023-06-15T22:21:49.000Z,https://universalis.app/market/1670
1636,Blunt Aeolian Scimitar,Hiyori Rin,15000,1,2023-07-03T02:10:37.000Z,https://universalis.app/market/1636
5061,Darksteel Nugget,Tyon Allenmoore,5000,1,2023-06-16T20:41:44.000Z,https://universalis.app/market/5061
1673,Mailbreaker,Yulia Karsanova,2400,1,2023-06-17T04:09:54.000Z,https://universalis.app/market/1673
14,Fire Cluster,Nyx Severin,234,101,2023-07-04T01:25:55.000Z,https://universalis.app/market/14
17,Earth Cluster,Amber Wood,200,101,2023-06-25T10:44:30.000Z,https://universalis.app/market/17
5068,Rose Gold Nugget,Rudolph Redwind,50000,2,2023-07-05T01:04:55.000Z,https://universalis.app/market/5068
5288,Hippogryph Leather,Grimsveldr Dvraesgard,900,1,2023-07-05T07:34:33.000Z,https://universalis.app/market/5288
5570,Mailbreaker Blade,Crimson Myst,6000,1,2023-06-16T14:28:44.000Z,https://universalis.app/market/5570
1681,Bone Hora,Gregory Bigdong,15000,1,2023-06-23T16:26:51.000Z,https://universalis.app/market/1681
5318,Animal Sinew,Lord' Grim',1000,1,2023-07-07T19:36:43.000Z,https://universalis.app/market/5318
1682,Leather Himantes,Mirabella Mercer,299,1,2023-06-26T17:43:14.000Z,https://universalis.app/market/1682
5324,Undyed Hempen Cloth,Kaya Runway,499,2,2023-06-12T17:15:54.000Z,https://universalis.app/market/5324
1683,Ramhorn Claws,Jasper James,4000,1,2023-06-11T02:43:06.000Z,https://universalis.app/market/1683
1684,Bronze Knuckles,Celix Naline,10000,1,2023-06-15T05:35:48.000Z,https://universalis.app/market/1684
1686,Brass Knuckles,Michin Saekki,1800,1,2023-06-11T06:29:16.000Z,https://universalis.app/market/1686
1688,Goatskin Cesti,Alazia Vessel,10000,1,2023-06-17T21:50:17.000Z,https://universalis.app/market/1688
5319,Beast Sinew,Yorha Zinnia,1500,5,2023-06-21T14:44:49.000Z,https://universalis.app/market/5319
1694,Spiked Knuckles,Zero Amiya,15500,1,2023-06-22T17:56:12.000Z,https://universalis.app/market/1694
5072,Iron Plate,Dr Ezlo,2000,6,2023-06-19T00:53:18.000Z,https://universalis.app/market/5072
1697,Toadskin Cesti,Raine Lafae,9999,1,2023-06-22T23:52:04.000Z,https://universalis.app/market/1697
5280,Toad Leather,Charles Cadence,2500,5,2023-06-11T03:15:39.000Z,https://universalis.app/market/5280
5320,Diremite Sinew,Lloyd Irvington,430,20,2023-06-26T21:07:58.000Z,https://universalis.app/market/5320
1699,Steel Claws,Veneria Foreshadow,3699,1,2023-07-03T19:27:49.000Z,https://universalis.app/market/1699
5073,Steel Plate,Melev Mourn,5500,6,2023-07-06T21:31:15.000Z,https://universalis.app/market/5073
1706,Crabshell Hora,Kiji Kij,16498,1,2023-07-02T22:31:24.000Z,https://universalis.app/market/1706
5321,Hippogryph Sinew,Corkie Nowski,1000,3,2023-06-11T15:55:02.000Z,https://universalis.app/market/5321
5456,Green Megalocrab Shell,Ms Eldari,690,1,2023-06-14T20:39:18.000Z,https://universalis.app/market/5456
1708,Boarskin Himantes,Veneria Foreshadow,14999,1,2023-07-03T22:41:44.000Z,https://universalis.app/market/1708
1711,Mythril Claws,Kiji Kij,20000,1,2023-06-28T02:11:54.000Z,https://universalis.app/market/1711
5079,Mythril Plate,Koin Box,2997,4,2023-06-21T00:58:41.000Z,https://universalis.app/market/5079
1716,Tortoiseshell Hora,Danny Astle,4600,1,2023-07-03T04:44:02.000Z,https://universalis.app/market/1716
5322,Raptor Sinew,Risa Pizza,1900,3,2023-07-05T07:46:45.000Z,https://universalis.app/market/5322
5458,Adamantoise Shell,Doyle Deadcrest,22,1,2023-06-11T16:48:21.000Z,https://universalis.app/market/5458
1723,Cobalt Knuckles,Kazuma Kuchiki,34899,1,2023-06-20T23:38:29.000Z,https://universalis.app/market/1723
1728,Peisteskin Cesti,Aria Nova,10000,1,2023-06-18T18:50:13.000Z,https://universalis.app/market/1728
5284,Peiste Leather,Kawas Kendrian,1250,2,2023-06-14T06:30:19.000Z,https://universalis.app/market/5284
1732,Vintage Hora,Loki Soulscar,15000,1,2023-06-14T23:52:40.000Z,https://universalis.app/market/1732
1701,Chipped Hora,Alty Kagon,5500,1,2023-07-02T08:35:04.000Z,https://universalis.app/market/1701
5285,Raptor Leather,Melev Mourn,4000,10,2023-07-06T21:32:05.000Z,https://universalis.app/market/5285
1733,Cobalt Claws,Winter Vermillion,20000,1,2023-06-11T21:01:43.000Z,https://universalis.app/market/1733
5074,Cobalt Plate,Kurenai Waifu,7400,1,2023-06-11T02:08:21.000Z,https://universalis.app/market/5074
1736,Giantsgall Claws,Raven Lionheart,445,1,2023-06-30T16:41:27.000Z,https://universalis.app/market/1736
1740,Wildling's Cesti,Alriol Walker,99800,1,2023-06-26T23:05:04.000Z,https://universalis.app/market/1740
10,Wind Crystal,Excel Excel,175,55,2023-06-14T00:53:59.000Z,https://universalis.app/market/10
5567,Bloody Cesti Covers,Methis Rend,3016,1,2023-06-12T22:03:49.000Z,https://universalis.app/market/5567
1743,Avengers,Crayon Sniffer,2050,1,2023-07-01T11:13:46.000Z,https://universalis.app/market/1743
5378,Spruce Lumber,Mushu Suki,12000,1,2023-06-24T09:05:30.000Z,https://universalis.app/market/5378
5571,Avenger Grips,Azir Shuross,3000,2,2023-07-01T08:51:38.000Z,https://universalis.app/market/5571
1750,Bronze War Axe,My Mirage,2000,1,2023-06-28T20:21:08.000Z,https://universalis.app/market/1750
1751,Bronze Labrys,Dontonberry's Grudge,1900,1,2023-06-10T23:15:40.000Z,https://universalis.app/market/1751
1752,Cloud Axe,Sky Ice,1500,1,2023-06-14T18:56:42.000Z,https://universalis.app/market/1752
1753,Spiked Bronze Labrys,Juho Lombardi,2000,1,2023-07-02T21:43:17.000Z,https://universalis.app/market/1753
1754,Iron War Axe,Ama Yeboah,10000,1,2023-06-11T01:42:13.000Z,https://universalis.app/market/1754
1756,Iron Labrys,Celix Naline,10000,1,2023-06-22T05:08:48.000Z,https://universalis.app/market/1756
1758,Inferno Axe,Adora Trevelyan,5000,1,2023-06-29T05:20:19.000Z,https://universalis.app/market/1758
1764,Iron Bill,Acheron Diablos,4000,1,2023-06-17T01:22:21.000Z,https://universalis.app/market/1764
4856,Clove Oil,Johnny Pop'erz,3000,5,2023-06-12T21:28:20.000Z,https://universalis.app/market/4856
5368,Yew Lumber,Naomi Kusakari,495,1,2023-07-07T22:20:18.000Z,https://universalis.app/market/5368
1766,Thunderstorm Axe,Kaede Harukaze,499,1,2023-06-15T22:41:45.000Z,https://universalis.app/market/1766
5064,Silver Ingot,Knives Waters,4000,1,2023-06-11T03:24:39.000Z,https://universalis.app/market/5064
1769,Spiked Steel Labrys,Auriane Hernault,4999,1,2023-07-02T16:52:34.000Z,https://universalis.app/market/1769
1776,Steel Bardiche,Lorcan O'connor,10000,1,2023-06-11T21:58:37.000Z,https://universalis.app/market/1776
5405,Yew Branch,Debroye Paharo,898,7,2023-06-16T03:27:38.000Z,https://universalis.app/market/5405
1778,Steel Bhuj,Kazuma Kuchiki,35000,1,2023-06-20T23:37:59.000Z,https://universalis.app/market/1778
1781,Spiked Mythril Labrys,Erden Ejinn,21999,1,2023-06-23T19:29:25.000Z,https://universalis.app/market/1781
1786,Mythril Bhuj,Freiana Fayte,24500,1,2023-06-18T08:39:25.000Z,https://universalis.app/market/1786
1796,Buccaneer's Bardiche,Flavia Reglay,39899,1,2023-06-17T13:03:27.000Z,https://universalis.app/market/1796
5414,Rosewood Branch,Shriggs Doodle,500,6,2023-06-19T12:08:22.000Z,https://universalis.app/market/5414
1800,Vintage Bill,Chiyo Kamura,24500,1,2023-06-21T22:55:38.000Z,https://universalis.app/market/1800
1771,Notched Bill,Roxanne Snow,1480,1,2023-06-23T14:59:21.000Z,https://universalis.app/market/1771
1801,Demilune Bhuj,Amaya Iriq,40110,1,2023-06-28T02:24:24.000Z,https://universalis.app/market/1801
5196,Jadeite,Zmega Slayer,1000,1,2023-06-18T00:26:24.000Z,https://universalis.app/market/5196
1803,Spiked Cobalt Labrys,Vex Colter,25000,1,2023-06-16T03:23:38.000Z,https://universalis.app/market/1803
5376,Rosewood Lumber,Anna Katatonia,3500,1,2023-06-11T02:46:49.000Z,https://universalis.app/market/5376
1806,Giantsgall War Axe,Ravin Taimat,799,1,2023-06-29T15:01:18.000Z,https://universalis.app/market/1806
7580,Mossy Stone Axe,Nyx Severin,20,1,2023-06-21T07:46:38.000Z,https://universalis.app/market/7580
1810,Barbarian's Bardiche,Alura Verdieu,99900,1,2023-06-18T22:01:06.000Z,https://universalis.app/market/1810
5566,Bloody Bardiche Head,Didrianna Winterset,2500,1,2023-06-15T02:57:35.000Z,https://universalis.app/market/5566
1813,Rampager,Melkad Rhaniasch,3990,1,2023-06-20T00:44:35.000Z,https://universalis.app/market/1813
5075,Darksteel Plate,Professor Astra,5000,99,2023-06-10T22:06:39.000Z,https://universalis.app/market/5075
5572,Rampager Head,Azir Shuross,2600,2,2023-07-01T08:51:17.000Z,https://universalis.app/market/5572
1820,Bone Harpoon,Chibi Pawnie,14990,1,2023-07-04T12:53:58.000Z,https://universalis.app/market/1820
5503,Animal Glue,Alice Argo,750,1,2023-06-16T02:34:07.000Z,https://universalis.app/market/5503
1821,Bronze Spear,Addison Amory,2999,1,2023-06-13T06:38:07.000Z,https://universalis.app/market/1821
5482,Fish Oil,Grier Grien,500,1,2023-06-11T12:18:17.000Z,https://universalis.app/market/5482
1822,Ramhorn Harpoon,Dezkiimro Avagnar,508,1,2023-06-14T08:32:36.000Z,https://universalis.app/market/1822
1823,Feathered Harpoon,Ciel Bleu,17000,1,2023-06-25T01:49:22.000Z,https://universalis.app/market/1823
5352,Crow Feather,Ivarie Zenta,2500,2,2023-06-19T14:29:10.000Z,https://universalis.app/market/5352
5433,Soiled Femur,Yuki Nonaka,100,10,2023-07-01T23:09:21.000Z,https://universalis.app/market/5433
1824,Brass Spear,Prince Popoto,2350,1,2023-06-28T15:15:37.000Z,https://universalis.app/market/1824
1825,Iron Spear,Illidari Nightfall,5000,1,2023-06-12T04:24:45.000Z,https://universalis.app/market/1825
1827,Iron Lance,X'sol Iceblood,39999,1,2023-07-05T17:05:11.000Z,https://universalis.app/market/1827
1833,Iron Guisarme,Gareth Noveria,5000,1,2023-06-27T18:18:12.000Z,https://universalis.app/market/1833
1836,Silver Battle Fork,Arbor Ataraxia,4000,1,2023-07-05T23:38:25.000Z,https://universalis.app/market/1836
5484,Crab Oil,Jay Reh,7000,2,2023-07-01T02:39:47.000Z,https://universalis.app/market/5484
1838,Steel Halberd,Enri Kaisuri,30000,1,2023-06-26T00:06:20.000Z,https://universalis.app/market/1838
1845,Steel Spear,Yuki-onna Raen,45000,1,2023-06-25T23:28:43.000Z,https://universalis.app/market/1845
1847,Heavy Steel Lance,Veneria Foreshadow,30000,1,2023-06-28T17:46:59.000Z,https://universalis.app/market/1847
1850,Yarzonshell Harpoon,Spine Grinder,17500,1,2023-06-17T06:32:13.000Z,https://universalis.app/market/1850
5454,Yellow Yarzon Leg,Antonio Bunderas,22,1,2023-06-24T05:54:27.000Z,https://universalis.app/market/5454
1855,Mythril Lance,Veneria Foreshadow,15000,1,2023-06-29T05:29:00.000Z,https://universalis.app/market/1855
1862,Cobalt Halberd,Supreme Tacos,49999,1,2023-06-19T05:29:03.000Z,https://universalis.app/market/1862
1867,Cobalt Trident,Fiadh Fairley,10000,1,2023-07-03T10:59:35.000Z,https://universalis.app/market/1867
5486,Shark Oil,Kurenai Waifu,6997,1,2023-06-11T02:09:39.000Z,https://universalis.app/market/5486
1871,Vintage Guisarme,Rivian Goladrin,10000,1,2023-06-18T03:41:23.000Z,https://universalis.app/market/1871
9,Ice Crystal,Nyx Severin,100,25,2023-06-26T19:01:28.000Z,https://universalis.app/market/9
1840,Crooked Guisarme,Risa Pizza,4500,1,2023-07-02T08:04:02.000Z,https://universalis.app/market/1840
1872,Hart Guisarme,Felix Sunblade,29000,1,2023-06-19T01:41:32.000Z,https://universalis.app/market/1872
1875,Giantsgall Trident,Khit Renaud,1499,1,2023-06-13T01:35:48.000Z,https://universalis.app/market/1875
7582,Mossy Stone Spear,Nyx Severin,1,1,2023-06-21T07:30:15.000Z,https://universalis.app/market/7582
1879,Champion's Lance,Lactose Intolerant,87900,1,2023-06-15T21:06:15.000Z,https://universalis.app/market/1879
5565,Bloody Lance Head,Quinton Armenta,4300,1,2023-07-07T22:08:40.000Z,https://universalis.app/market/5565
1882,Obelisk,Vennault Vallefort,1000,1,2023-06-16T03:00:58.000Z,https://universalis.app/market/1882
5573,Obelisk Head,Azir Shuross,2900,2,2023-07-01T08:51:07.000Z,https://universalis.app/market/5573
1891,Maple Shortbow,Lapis Tigerlily,5000,1,2023-07-02T19:05:32.000Z,https://universalis.app/market/1891
5333,Hempen Yarn,Mistrail Yongar'a,500,49,2023-06-19T17:52:40.000Z,https://universalis.app/market/5333
1892,Maple Longbow,Melvar Agnes,3500,1,2023-06-18T04:05:27.000Z,https://universalis.app/market/1892
5396,Maple Branch,Krissy Creighton,201,1,2023-06-15T22:52:49.000Z,https://universalis.app/market/5396
1893,Plumed Maple Shortbow,Lachelle Voras,100,1,2023-06-18T13:16:19.000Z,https://universalis.app/market/1893
5351,Cock Feather,Unt'rile Keeper,248,99,2023-06-11T03:29:40.000Z,https://universalis.app/market/5351
1894,Wrapped Maple Longbow,Miana Himeko,5000,1,2023-06-26T04:27:09.000Z,https://universalis.app/market/1894
5402,Ash Branch,Rudolph Redwind,1800,5,2023-06-23T03:01:06.000Z,https://universalis.app/market/5402
1895,Ash Shortbow,Asta Kovari,20000,1,2023-06-24T20:58:04.000Z,https://universalis.app/market/1895
1897,Elm Longbow,Sabaud Vairemont,3500,1,2023-06-13T18:53:40.000Z,https://universalis.app/market/1897
5334,Cotton Yarn,Kiki- Cakes,250,1,2023-06-17T08:54:08.000Z,https://universalis.app/market/5334
1899,Elm Velocity Bow,Kouen Skyfox,5900,1,2023-06-14T22:40:49.000Z,https://universalis.app/market/1899
1905,Wrapped Elm Longbow,Spllyn Iam,4000,1,2023-06-17T16:25:46.000Z,https://universalis.app/market/1905
1908,Ash Composite Bow,Korlog Kashinor,6000,1,2023-06-11T02:25:29.000Z,https://universalis.app/market/1908
1915,Ash Cavalry Bow,Hazak Maguzak,15000,1,2023-06-16T01:57:04.000Z,https://universalis.app/market/1915
5409,Oak Branch,Kenneth Rutherford,820,1,2023-06-13T23:18:59.000Z,https://universalis.app/market/5409
1917,Oak Longbow,Hakai Subete,39999,1,2023-06-25T19:18:43.000Z,https://universalis.app/market/1917
5336,Linen Yarn,Shiiizu Kah,19000,1,2023-06-22T10:52:46.000Z,https://universalis.app/market/5336
1920,Mythril Cavalry Bow,Dessi Hyskaris,35000,1,2023-06-15T15:45:55.000Z,https://universalis.app/market/1920
1925,Oak Composite Bow,Hakai Subete,39999,1,2023-06-25T19:18:54.000Z,https://universalis.app/market/1925
1932,Cobalt Cavalry Bow,Violet Pusheen,19995,1,2023-06-20T02:08:23.000Z,https://universalis.app/market/1932
1937,Yew Longbow,Belit Qestir,49999,1,2023-06-16T18:44:17.000Z,https://universalis.app/market/1937
1941,Vintage Bow,Miana Himeko,9000,1,2023-07-08T16:25:46.000Z,https://universalis.app/market/1941
1910,Warped Bow,Risa Pizza,8000,1,2023-07-02T08:19:40.000Z,https://universalis.app/market/1910
1942,Crab Bow,Xanthus Serenity,47899,1,2023-07-02T03:33:57.000Z,https://universalis.app/market/1942
5462,Red Coral,Seria Kitsugi,4000,1,2023-07-07T09:40:17.000Z,https://universalis.app/market/5462
1945,Giantsgall Longbow,Spllyn Iam,1045,1,2023-06-30T01:29:27.000Z,https://universalis.app/market/1945
1949,Longarm's Composite Bow,Persephone Faldova,96900,1,2023-07-02T01:19:48.000Z,https://universalis.app/market/1949
5568,Bloody Bow Rim,Rehvy Laguhn,6000,1,2023-07-06T05:44:39.000Z,https://universalis.app/market/5568
1953,Sarnga,Hiro Ryu-jin,10000,1,2023-06-16T06:40:24.000Z,https://universalis.app/market/1953
15,Ice Cluster,Alistair Siegfried,74,101,2023-06-15T07:40:20.000Z,https://universalis.app/market/15
16,Wind Cluster,Truly'a Whiteclaw,901,573,2023-06-19T01:06:37.000Z,https://universalis.app/market/16
5574,Sarnga Limb,Endra Shorkacat,3200,2,2023-06-18T01:39:17.000Z,https://universalis.app/market/5574
1958,Maple Wand,Serena Relanah,10000,1,2023-06-11T19:23:25.000Z,https://universalis.app/market/1958
6,Lightning Shard,Dontonberry's Grudge,342,11,2023-06-25T19:10:50.000Z,https://universalis.app/market/6
7,Water Shard,Nyx Severin,175,50,2023-06-18T06:54:01.000Z,https://universalis.app/market/7
5470,Growth Formula Alpha,Fred Grass,300,2,2023-06-15T19:57:47.000Z,https://universalis.app/market/5470
1959,Whispering Maple Wand,Kyoko Ishida,10005,1,2023-06-25T00:29:53.000Z,https://universalis.app/market/1959
1960,Budding Maple Wand,Celix Naline,7000,1,2023-06-14T09:21:47.000Z,https://universalis.app/market/1960
5492,Beastkin Blood,Dontonberry's Grudge,100,2,2023-06-25T17:34:12.000Z,https://universalis.app/market/5492
1961,Ash Wand,Bun Tho-nuong,27000,1,2023-06-18T16:54:12.000Z,https://universalis.app/market/1961
5471,Growth Formula Beta,Doctor Bedlam,4000,2,2023-06-13T22:53:52.000Z,https://universalis.app/market/5471
1963,Budding Ash Wand,Belit Qestir,900,1,2023-06-10T20:55:29.000Z,https://universalis.app/market/1963
1965,Whispering Ash Wand,Carmel Chambibs,4000,1,2023-07-01T20:42:56.000Z,https://universalis.app/market/1965
5493,Scalekin Blood,Annikah Hansen,1000,5,2023-06-23T19:53:12.000Z,https://universalis.app/market/5493
1967,Yew Wand,Spyrit Andras,9300,1,2023-06-14T19:43:57.000Z,https://universalis.app/market/1967
1969,Budding Yew Wand,A'marelle Khai,30000,1,2023-07-07T09:39:21.000Z,https://universalis.app/market/1969
1971,Budding Oak Wand,Shuleyn Elilnebbwyn,21997,1,2023-06-14T02:20:55.000Z,https://universalis.app/market/1971
4603,Hi-Potion of Mind,Bun Tho-nuong,749,38,2023-06-18T17:22:28.000Z,https://universalis.app/market/4603
1974,Wand of Frost,Shuleyn Elilnebbwyn,30000,1,2023-06-15T21:13:55.000Z,https://universalis.app/market/1974
5199,Eye of Ice,Raye Voras,8,2,2023-06-20T23:10:19.000Z,https://universalis.app/market/5199
5472,Growth Formula Gamma,Ziana Sue,100000,4,2023-07-07T10:19:36.000Z,https://universalis.app/market/5472
1976,Wand of Tremors,Amaya Iriq,40000,1,2023-06-29T21:05:00.000Z,https://universalis.app/market/1976
5201,Eye of Earth,Peter Pickles,999,2,2023-06-11T22:56:49.000Z,https://universalis.app/market/5201
1978,Wand of Tides,Spllyn Iam,30000,1,2023-06-13T19:41:03.000Z,https://universalis.app/market/1978
5203,Eye of Water,Cirina Star,25,1,2023-06-15T02:07:19.000Z,https://universalis.app/market/5203
1981,Wand of Flames,Dino Punch-kick,1500,1,2023-07-02T03:05:46.000Z,https://universalis.app/market/1981
5198,Eye of Fire,Hi Adept,1400,15,2023-06-13T06:59:12.000Z,https://universalis.app/market/5198
1983,Wand of Gales,Emera Vesban,9997,1,2023-06-27T00:56:19.000Z,https://universalis.app/market/1983
5200,Eye of Wind,Aliiza Duskryn,249,2,2023-06-17T18:39:13.000Z,https://universalis.app/market/5200
1985,Wand of Storms,Marigold Sesunni,900,1,2023-06-24T09:37:54.000Z,https://universalis.app/market/1985
5202,Eye of Lightning,Cirina Star,200,1,2023-06-15T02:07:35.000Z,https://universalis.app/market/5202
1987,Budding Rosewood Wand,Ja Bright,59999,1,2023-06-24T17:46:09.000Z,https://universalis.app/market/1987
4608,Mega-Potion of Mind,Annikah Hansen,8000,1,2023-07-03T07:54:40.000Z,https://universalis.app/market/4608
5494,Spoken Blood,Skiros Drakon,2000,7,2023-06-11T14:01:17.000Z,https://universalis.app/market/5494
1996,Maple Cane,Cam Xu,1604,1,2023-06-16T01:15:18.000Z,https://universalis.app/market/1996
1997,Maple Crook,Rikku Maverick,2999,1,2023-06-21T05:10:43.000Z,https://universalis.app/market/1997
1998,Ash Radical,Lachelle Voras,1249,1,2023-07-05T16:33:39.000Z,https://universalis.app/market/1998
2000,Elm Cane,Mirabella Mercer,5500,1,2023-06-30T23:30:22.000Z,https://universalis.app/market/2000
2002,Elm Crook,Arbor Ataraxia,300,1,2023-07-02T18:22:30.000Z,https://universalis.app/market/2002
2004,Yew Radical,Mirabella Mercer,4999,1,2023-07-04T20:08:01.000Z,https://universalis.app/market/2004
2010,Pastoral Yew Cane,Nala Bewbess,1200,1,2023-07-02T12:58:07.000Z,https://universalis.app/market/2010
2011,Yew Crook,Aria Castellan,5000,1,2023-06-28T15:33:31.000Z,https://universalis.app/market/2011
2015,Walnut Cane,L'kessa Onista,29999,1,2023-07-03T03:42:02.000Z,https://universalis.app/market/2015
2021,Plumed Yew Crook,Videl White,10000,1,2023-06-17T07:10:43.000Z,https://universalis.app/market/2021
2023,Oak Radical,Cyn Feldspar,9999,1,2023-06-18T20:33:25.000Z,https://universalis.app/market/2023
2026,Pastoral Oak Cane,Lune Marpierre,37000,1,2023-06-20T19:12:07.000Z,https://universalis.app/market/2026
2030,Sprouting Rosewood Radical,Shuleyn Elilnebbwyn,25000,1,2023-06-17T10:55:03.000Z,https://universalis.app/market/2030
2039,Jade Crook,Jacket Elyza,49999,1,2023-06-11T13:08:24.000Z,https://universalis.app/market/2039
2041,Vintage Cane,Illidari Nightfall,10000,1,2023-06-23T22:36:44.000Z,https://universalis.app/market/2041
2014,Splintered Cane,Welliam Skelliam,5000,1,2023-06-14T19:54:41.000Z,https://universalis.app/market/2014
2044,Pastoral Mahogany Cane,Marigold Sesunni,9000,1,2023-06-12T10:25:54.000Z,https://universalis.app/market/2044
5335,Dew Thread,Princess Flare,3000,99,2023-06-19T19:47:32.000Z,https://universalis.app/market/5335
2047,Tane Mahuta,Thaar Torgud,50000,1,2023-06-18T13:23:39.000Z,https://universalis.app/market/2047
5555,Ochu Vine,Collector Togami,2901,4,2023-07-02T19:39:27.000Z,https://universalis.app/market/5555
2048,Giantsgall Cane,Spllyn Iam,1396,1,2023-06-30T01:29:16.000Z,https://universalis.app/market/2048
2049,Madman's Whispering Rod,Greenie Vert,99900,1,2023-06-30T05:24:43.000Z,https://universalis.app/market/2049
12,Lightning Crystal,Dontonberry's Grudge,998,200,2023-07-04T13:47:47.000Z,https://universalis.app/market/12
13,Water Crystal,Shimohi Kagami,225,101,2023-06-22T05:18:09.000Z,https://universalis.app/market/13
5473,Growth Formula Delta,Rowan Forrester,5555,1,2023-07-02T20:49:32.000Z,https://universalis.app/market/5473
5537,Thavnairian Mistletoe,A'gnya Bhen,400,4,2023-06-21T01:44:55.000Z,https://universalis.app/market/5537
5547,Vampire Plant,Honeydew Baek,25,2,2023-06-19T22:48:11.000Z,https://universalis.app/market/5547
2051,Alkalurops,Kol Steele,2500,1,2023-06-22T23:24:00.000Z,https://universalis.app/market/2051
5575,Suspended Trillium Flower,Didrianna Winterset,2500,1,2023-06-15T02:58:37.000Z,https://universalis.app/market/5575
2056,Bone Brand,Eurys Nocturn,6000,1,2023-06-22T23:36:34.000Z,https://universalis.app/market/2056
5197,Marbled Eye,Shinobi Dm,500,5,2023-06-15T16:01:41.000Z,https://universalis.app/market/5197
2057,Copper Scepter,Rose Eifaentwyn,1077,1,2023-06-19T22:02:43.000Z,https://universalis.app/market/2057
5062,Copper Ingot,Morgon Majinaur,54,99,2023-07-06T23:11:01.000Z,https://universalis.app/market/5062
2058,Bronze Scepter,Yuki Ronso,2500,1,2023-06-11T14:13:03.000Z,https://universalis.app/market/2058
2059,Brass Cudgel,Jiro Nobunaga,3000,1,2023-06-14T23:52:56.000Z,https://universalis.app/market/2059
2061,Decorated Copper Scepter,Adora Trevelyan,5000,1,2023-06-29T05:28:42.000Z,https://universalis.app/market/2061
5258,Ragstone Whetstone,Rou Ara,100,5,2023-06-15T04:13:17.000Z,https://universalis.app/market/5258
2063,Wind Brand,Antonio Bunderas,5000,1,2023-06-16T05:44:29.000Z,https://universalis.app/market/2063
2066,Ice Brand,Dino Punch-kick,4500,1,2023-07-05T16:32:50.000Z,https://universalis.app/market/2066
2069,Silver Scepter,Yuki Ronso,1430,1,2023-06-12T22:35:14.000Z,https://universalis.app/market/2069
5527,Brimstone,Kyrie Arkenell,300,10,2023-06-11T10:52:47.000Z,https://universalis.app/market/5527
2071,Earth Brand,Spyrit Andras,25000,1,2023-06-22T02:32:11.000Z,https://universalis.app/market/2071
2076,Decorated Silver Scepter,Ayame Haragin,2999,1,2023-06-10T18:53:26.000Z,https://universalis.app/market/2076
2078,Fire Brand,Lone Soul,29999,1,2023-06-29T22:42:21.000Z,https://universalis.app/market/2078
2083,Lightning Brand,Arisu Kaisuri,5999,1,2023-07-04T18:36:07.000Z,https://universalis.app/market/2083
5489,Quicksilver,White Wynterheart,3000,1,2023-06-14T13:20:06.000Z,https://universalis.app/market/5489
2093,Vintage Cudgel,Naruma Zoo,19999,1,2023-07-03T00:18:08.000Z,https://universalis.app/market/2093
2068,Damaged Cudgel,Renari Invictus,5000,1,2023-06-18T14:41:04.000Z,https://universalis.app/market/2068
5092,Iron Rivets,X'sol Iceblood,777,29,2023-06-14T06:29:12.000Z,https://universalis.app/market/5092
2094,Water Brand,Lapis Tigerlily,15000,1,2023-06-22T23:12:51.000Z,https://universalis.app/market/2094
2097,Jade Scepter,Koh Moshan,7889,1,2023-07-04T08:45:35.000Z,https://universalis.app/market/2097
5168,Jade,Winter Vermillion,499,9,2023-07-02T14:23:59.000Z,https://universalis.app/market/5168
5439,Ogre Horn,Ms Eldari,500,1,2023-06-20T23:38:49.000Z,https://universalis.app/market/5439
2102,Sanguine Scepter,Alriol Walker,99900,1,2023-06-26T23:05:34.000Z,https://universalis.app/market/2102
5206,Pinprick Pebble,Morgan Bellveil,101,1,2023-06-15T14:44:45.000Z,https://universalis.app/market/5206
2106,Bone Staff,Monk Key,2194,1,2023-07-05T09:26:40.000Z,https://universalis.app/market/2106
2107,Ramhorn Staff,Zero Amiya,2000,1,2023-06-17T19:39:45.000Z,https://universalis.app/market/2107
2108,Decorated Bone Staff,Ishtar Anastasia,10000,1,2023-06-17T05:09:28.000Z,https://universalis.app/market/2108
5442,Bat Fang,Raikkuma Rikkityfrikk,1000,3,2023-06-17T21:07:00.000Z,https://universalis.app/market/5442
2109,Toothed Ramhorn Staff,Ozwyn Murciel,2499,1,2023-06-26T13:27:32.000Z,https://universalis.app/market/2109
2111,Staghorn Staff,Aly Non,39975,1,2023-06-27T02:27:39.000Z,https://universalis.app/market/2111
2116,Sanguine Horn Staff,Lythos Hemna,997,1,2023-06-18T21:06:13.000Z,https://universalis.app/market/2116
2118,Toothed Staghorn Staff,Gtrakl Belladonna,2999,1,2023-06-21T00:31:31.000Z,https://universalis.app/market/2118
2121,Goathorn Staff,Razek Strad,7800,1,2023-06-26T04:53:51.000Z,https://universalis.app/market/2121
2123,Toothed Goathorn Staff,Kino Reinhardt,14500,1,2023-07-05T21:57:28.000Z,https://universalis.app/market/2123
2125,Horn Staff,Juho Lombardi,39999,1,2023-07-03T00:45:07.000Z,https://universalis.app/market/2125
2130,Black Horn Staff,Zarya Zo,10000,1,2023-07-07T19:27:33.000Z,https://universalis.app/market/2130
2133,Ivory Staff,Neptune Xiii,24998,1,2023-06-30T04:29:27.000Z,https://universalis.app/market/2133
2136,Giantsgall Longstaff,Rose Eifaentwyn,665,1,2023-06-25T06:36:04.000Z,https://universalis.app/market/2136
7584,Mossy Stone Staff,Nyx Severin,21,1,2023-06-21T07:49:15.000Z,https://universalis.app/market/7584
2139,Astrolabe,Heian Ziegler,1450,1,2023-06-11T08:01:07.000Z,https://universalis.app/market/2139
5576,Astrolabe Clinometer,Yuu Fae,2800,1,2023-06-15T22:22:18.000Z,https://universalis.app/market/5576
2143,Leather Grimoire,Octavia Blake,89999,1,2023-06-18T20:09:51.000Z,https://universalis.app/market/2143
5380,Maple Log,Nourie Pluvia,777,1,2023-06-11T20:58:34.000Z,https://universalis.app/market/5380
5475,Enchanted Copper Ink,Camina Drummer,75,2,2023-06-29T17:56:54.000Z,https://universalis.app/market/5475
2144,Maple Picatrix,Ka Kane,52500000,1,2023-06-11T21:19:33.000Z,https://universalis.app/market/2144
2145,Engraved Leather Grimoire,Naomi Kusakari,10000,1,2023-06-30T22:53:53.000Z,https://universalis.app/market/2145
5383,Ash Log,Yohi Yotsugi,399,99,2023-06-14T00:55:14.000Z,https://universalis.app/market/5383
2146,Ash Picatrix,Nut Bot,9999,1,2023-06-22T18:18:46.000Z,https://universalis.app/market/2146
2147,Hard Leather Grimoire,Zane Ashura,30000,1,2023-06-12T02:50:57.000Z,https://universalis.app/market/2147
5385,Elm Log,Kelisandra Hyacinth,1000,10,2023-06-13T22:54:24.000Z,https://universalis.app/market/5385
5476,Enchanted Iron Ink,Parro Ellasch,130,1,2023-07-03T21:04:37.000Z,https://universalis.app/market/5476
2149,Engraved Hard Leather Grimoire,Annikah Hansen,20000,1,2023-06-23T19:35:08.000Z,https://universalis.app/market/2149
5386,Yew Log,Uliaeus Ashford,4000,4,2023-06-22T05:22:55.000Z,https://universalis.app/market/5386
2151,Yew Picatrix,Vanilla Mochi,12000,1,2023-06-12T14:06:08.000Z,https://universalis.app/market/2151
2156,Goatskin Grimoire,Ultra'a Sodapop,20000,1,2023-06-14T12:27:00.000Z,https://universalis.app/market/2156
5477,Enchanted Silver Ink,Risa Pizza,7499,2,2023-07-07T08:24:36.000Z,https://universalis.app/market/5477
2160,Engraved Goatskin Grimoire,Quadrine Terrace,20000,1,2023-06-28T01:08:11.000Z,https://universalis.app/market/2160
5388,Walnut Log,Naomi Kusakari,1000,1,2023-07-07T22:13:58.000Z,https://universalis.app/market/5388
2166,Book of Silver,Z'lele Arda,9000,1,2023-06-25T01:58:22.000Z,https://universalis.app/market/2166
5390,Oak Log,Dontonberry's Grudge,2200,5,2023-06-25T18:15:54.000Z,https://universalis.app/market/5390
2169,Embossed Book of Silver,Winter Vermillion,29999,1,2023-06-15T00:15:05.000Z,https://universalis.app/market/2169
2174,Book of Mythril,Chastity Cage,37750,1,2023-06-29T00:27:51.000Z,https://universalis.app/market/2174
5346,Flax,Elspeth Saltwalker,700,72,2023-06-19T17:06:50.000Z,https://universalis.app/market/5346
5478,Enchanted Mythril Ink,Zane Ashura,5000,3,2023-06-12T03:01:57.000Z,https://universalis.app/market/5478
2184,Vintage Picatrix,Ryder Skia,14999,1,2023-06-29T23:50:06.000Z,https://universalis.app/market/2184
2158,Brittle Picatrix,Lorilee Leandra,3440,1,2023-07-02T00:49:51.000Z,https://universalis.app/market/2158
2185,Book of Electrum,Grathilda Stonehearth,20000,1,2023-06-15T11:19:43.000Z,https://universalis.app/market/2185
5337,Woolen Yarn,Brun Harding,5000,12,2023-06-11T09:38:06.000Z,https://universalis.app/market/5337
5393,Rosewood Log,Hazelle Factor,750,39,2023-06-11T03:15:38.000Z,https://universalis.app/market/5393
5479,Enchanted Electrum Ink,Lycoris Lunaris,50,4,2023-06-12T11:35:32.000Z,https://universalis.app/market/5479
2189,Embossed Book of Electrum,Zandiki Fila,25000,1,2023-06-19T01:48:09.000Z,https://universalis.app/market/2189
2193,Cantamina Thavnaria,Thairynn Stirling,5999,1,2023-06-19T20:14:59.000Z,https://universalis.app/market/2193
5481,Enchanted Rose Gold Ink,Hope Luxora,8475,1,2023-06-12T23:02:08.000Z,https://universalis.app/market/5481
7586,Weathered Tome,Efima Teornin,40,1,2023-06-29T00:51:16.000Z,https://universalis.app/market/7586
2194,Medica Thavnaria,Wei Wuxian',3163,1,2023-06-30T01:27:24.000Z,https://universalis.app/market/2194
2201,Erudite's Picatrix of Healing,Alriol Walker,74900,1,2023-06-26T23:05:50.000Z,https://universalis.app/market/2201
5480,Enchanted Gold Ink,X'sol Iceblood,100000,11,2023-06-14T07:01:40.000Z,https://universalis.app/market/5480
5569,Bloody Grimoire Binding,Kikiyo Dragomir,4000,1,2023-06-11T03:03:35.000Z,https://universalis.app/market/5569
2202,Erudite's Picatrix of Casting,Alexander Hawkstorm,99900,1,2023-07-07T04:55:05.000Z,https://universalis.app/market/2202
2211,Deus Ex Verbis,Caed Cypher,2000,1,2023-06-22T00:27:10.000Z,https://universalis.app/market/2211
5338,Silk Thread,Sefi Asta,5000,1,2023-07-06T05:10:05.000Z,https://universalis.app/market/5338
2212,Deus Ex Gratia,Caed Cypher,1750,1,2023-06-22T00:30:09.000Z,https://universalis.app/market/2212
2219,Square Maple Shield,Mr Valentine,200000000,1,2023-06-12T19:50:56.000Z,https://universalis.app/market/2219
5091,Bronze Rivets,Kaze Kuzunoha,495,1,2023-06-11T18:54:54.000Z,https://universalis.app/market/5091
12524,Titanium Nugget,Surly Panther,6000,5,2023-06-25T15:41:50.000Z,https://universalis.app/market/12524
12529,Titanium Rivets,Alise Ku-yunaris,14006,1,2023-07-04T15:36:11.000Z,https://universalis.app/market/12529
12658,Dusk Leather,Rhia Rys,489200,1,2023-06-18T00:46:21.000Z,https://universalis.app/market/12658
2226,Bronze Hoplon,Adora Trevelyan,10000,1,2023-07-01T22:20:23.000Z,https://universalis.app/market/2226
5071,Bronze Plate,Arianna Sushi,750,2,2023-06-13T10:34:08.000Z,https://universalis.app/market/5071
2228,Round Shield,Desri Frost,2500,1,2023-06-12T18:09:10.000Z,https://universalis.app/market/2228
2229,Leather Targe,Ayla Alderuth,10000,1,2023-07-01T01:35:25.000Z,https://universalis.app/market/2229
2230,Bronze Scutum,Celix Naline,999,1,2023-06-13T01:00:12.000Z,https://universalis.app/market/2230
2231,Bronze Buckler,Vanessa Stormwind,6000,1,2023-06-16T21:15:29.000Z,https://universalis.app/market/2231
2233,Square Ash Shield,Krusos Aureus,100000000,1,2023-07-03T11:21:52.000Z,https://universalis.app/market/2233
2236,Iron Hoplon,Supreme Tacos,50000,1,2023-06-19T11:59:26.000Z,https://universalis.app/market/2236
2238,Vintage Square Shield,Belissa Bug,15000,1,2023-06-18T21:11:00.000Z,https://universalis.app/market/2238
4859,Cider Vinegar,Risa Pizza,26,1,2023-07-06T03:30:14.000Z,https://universalis.app/market/4859
2239,Ironclad Bronze Buckler,Rothgar Thayerdoom,2500,1,2023-06-21T02:41:50.000Z,https://universalis.app/market/2239
2241,Iron Lantern Shield,S'almon Sashimi,3000,1,2023-06-30T22:10:59.000Z,https://universalis.app/market/2241
5998,Tallow Candle,Ajisai Malaguld,1000,5,2023-06-11T05:12:06.000Z,https://universalis.app/market/5998
2242,Iron Scutum,Belit Qestir,149,1,2023-06-12T19:58:45.000Z,https://universalis.app/market/2242
2244,Vintage Hoplon,Sadira Dar,3400,1,2023-06-14T04:03:26.000Z,https://universalis.app/market/2244
2246,Viper-crested Round Shield,Krimson Ex,2000,1,2023-06-21T03:28:41.000Z,https://universalis.app/market/2246
2248,Iron Kite Shield,Kocho Shinobu,17400,1,2023-06-23T20:53:24.000Z,https://universalis.app/market/2248
2250,Goatskin Targe,Artemis Gharial,8000,1,2023-06-12T04:56:37.000Z,https://universalis.app/market/2250
5093,Steel Rivets,Lien Niyati,3000,2,2023-06-16T06:38:13.000Z,https://universalis.app/market/5093
2257,Bull Hoplon,Hazak Maguzak,8000,1,2023-06-21T12:19:14.000Z,https://universalis.app/market/2257
2260,Decorated Buckler,Shuleyn Elilnebbwyn,2200,1,2023-06-10T22:39:46.000Z,https://universalis.app/market/2260
2262,Decorated Iron Scutum,Hezzwyb Sunnskyfyn,7899,1,2023-06-11T00:10:18.000Z,https://universalis.app/market/2262
2264,Vintage Buckler,L'eaf Danser,9500,1,2023-06-13T17:32:16.000Z,https://universalis.app/market/2264
2268,Bladed Lantern Shield,Ladislas Braddock,8100,1,2023-06-21T06:28:18.000Z,https://universalis.app/market/2268
2270,Raptorskin Targe,Thessalia Zedar,39899,1,2023-06-22T11:04:15.000Z,https://universalis.app/market/2270
5099,Mythril Rivets,Adisa Pawstrum,11979,1,2023-07-08T01:53:32.000Z,https://universalis.app/market/5099
2278,Vintage Scutum,Ifritson Firedude,10000,1,2023-06-17T23:15:55.000Z,https://universalis.app/market/2278
2279,Cobalt Scutum,Lady Yuria,8500,1,2023-06-27T20:17:12.000Z,https://universalis.app/market/2279
5094,Cobalt Rivets,Evelynn Yui,3995,4,2023-06-22T02:22:54.000Z,https://universalis.app/market/5094
2287,Eagle-crested Round Shield,Hegott Thudripp,17000,1,2023-06-20T02:39:17.000Z,https://universalis.app/market/2287
2289,Vintage Round Shield,Fayte Leingod,4035,1,2023-06-20T23:25:42.000Z,https://universalis.app/market/2289
5228,Ragstone,Yohi Yotsugi,20,99,2023-06-13T01:36:38.000Z,https://universalis.app/market/5228
5517,Lanolin,Plastic Fork,50,99,2023-06-15T07:48:31.000Z,https://universalis.app/market/5517
2294,Kite Shield,Sathona Quicktongue,14038,1,2023-06-13T21:59:28.000Z,https://universalis.app/market/2294
2296,Cobalt Bladed Lantern Shield,Dino Punch-kick,39000,1,2023-06-16T17:22:55.000Z,https://universalis.app/market/2296
2298,Oxblood Targe,Koto Kazuma,65000,1,2023-06-15T19:47:25.000Z,https://universalis.app/market/2298
2300,Vintage Kite Shield,Hazak Maguzak,19999,1,2023-07-03T15:54:58.000Z,https://universalis.app/market/2300
2259,Scarred Kite Shield,Latriel Nodelkir,5000,1,2023-07-04T12:21:56.000Z,https://universalis.app/market/2259
2302,Darksteel Scutum,Loki Nibelhiem,4600,1,2023-06-10T18:11:31.000Z,https://universalis.app/market/2302
5060,Darksteel Ingot,Red Jaliqai,9999,5,2023-07-03T11:56:06.000Z,https://universalis.app/market/5060
5095,Darksteel Rivets,Prince Popoto,5000,12,2023-06-13T11:57:04.000Z,https://universalis.app/market/5095
2303,Darksteel Buckler,Alexia Elizabeth,1300,1,2023-07-04T11:31:52.000Z,https://universalis.app/market/2303
2304,Spruce Round Shield,Misty Blade,1955,1,2023-07-07T02:05:03.000Z,https://universalis.app/market/2304
5379,Treated Spruce Lumber,X'sol Iceblood,15000,2,2023-06-14T06:28:41.000Z,https://universalis.app/market/5379
2315,Bronze Saw,Maja Sturmfrei,2000,1,2023-06-11T02:30:51.000Z,https://universalis.app/market/2315
2316,Amateur's Saw,Winnie Winston,6000,1,2023-06-29T13:00:12.000Z,https://universalis.app/market/2316
2317,Chocobotail Saw,Kennedy Meadow,500,1,2023-06-13T18:12:04.000Z,https://universalis.app/market/2317
2318,Initiate's Saw,Ubito Tabito,1000,1,2023-06-29T12:10:34.000Z,https://universalis.app/market/2318
2319,Bas-relief Iron Saw,Jay Reh,899,1,2023-07-01T02:33:16.000Z,https://universalis.app/market/2319
2320,Iron Chocobotail Saw,Becca Kurgane,5041,1,2023-07-03T04:11:56.000Z,https://universalis.app/market/2320
2321,Bas-relief Steel Saw,Becca Kurgane,19999,1,2023-07-03T04:11:17.000Z,https://universalis.app/market/2321
2322,Crosscut Saw,Faul'st Helio,3999,1,2023-06-17T13:21:15.000Z,https://universalis.app/market/2322
2323,Mythril Saw,Belit Qestir,25000,1,2023-06-16T17:19:09.000Z,https://universalis.app/market/2323
2324,Mythril Chocobotail Saw,Emperor Couzcouz,200,1,2023-06-14T23:42:26.000Z,https://universalis.app/market/2324
2325,Bas-relief Cobalt Saw,Za' Za,80000,1,2023-06-16T09:32:59.000Z,https://universalis.app/market/2325
2328,Amateur's Claw Hammer,Winnie Winston,123,1,2023-06-17T19:02:05.000Z,https://universalis.app/market/2328
2329,Bronze Claw Hammer,Kennedy Meadow,5000,1,2023-06-13T18:12:13.000Z,https://universalis.app/market/2329
2331,Iron Claw Hammer,Ukoh Kamui,10000,1,2023-06-11T02:02:03.000Z,https://universalis.app/market/2331
5483,Jellyfish Humours,Ama Yeboah,282,1,2023-06-11T19:35:54.000Z,https://universalis.app/market/5483
2332,Initiate's Claw Hammer,Becca Kurgane,3029,1,2023-07-03T04:13:14.000Z,https://universalis.app/market/2332
2335,Wrapped Steel Claw Hammer,Chayanna Rain,20000,1,2023-06-11T00:06:13.000Z,https://universalis.app/market/2335
5485,Linseed Oil,Truco Delalma,3500,1,2023-06-12T01:37:35.000Z,https://universalis.app/market/5485
2337,Mythril Claw Hammer,Dontonberry's Grudge,19990,1,2023-06-25T19:07:09.000Z,https://universalis.app/market/2337
2338,Cobalt Claw Hammer,Raivyn Black,35000,1,2023-06-13T20:40:06.000Z,https://universalis.app/market/2338
2341,Bronze Cross-pein Hammer,Zero Amiya,4000,1,2023-06-16T19:50:01.000Z,https://universalis.app/market/2341
2342,Amateur's Cross-pein Hammer,Kyoko Ishida,5009,1,2023-06-25T00:29:09.000Z,https://universalis.app/market/2342
2343,Birdsbeak Hammer,Arbor Ataraxia,5000,1,2023-07-01T16:07:42.000Z,https://universalis.app/market/2343
5325,Undyed Cotton Cloth,Himari San,1500,3,2023-06-23T01:27:57.000Z,https://universalis.app/market/5325
2344,Iron Cross-pein Hammer,Kazuma Kuchiki,50000,1,2023-06-20T23:34:07.000Z,https://universalis.app/market/2344
2346,Crowsbeak Hammer,Mystic Memories,30000,1,2023-06-16T11:35:55.000Z,https://universalis.app/market/2346
2347,Heavy Crowsbeak Hammer,Antonio Bunderas,900,1,2023-06-21T03:32:56.000Z,https://universalis.app/market/2347
2348,Steel Cross-pein Hammer,Dontonberry's Grudge,898,1,2023-06-10T22:18:32.000Z,https://universalis.app/market/2348
5326,Undyed Velveteen,Kino Reinhardt,4000,1,2023-06-22T18:08:21.000Z,https://universalis.app/market/5326
2349,Steel Crowsbeak Hammer,Marleena Vox,18000,1,2023-07-06T22:31:07.000Z,https://universalis.app/market/2349
2350,Wrapped Crowsbeak Hammer,Johnny Pop'erz,39999,1,2023-06-10T22:05:35.000Z,https://universalis.app/market/2350
2351,Cobalt Cross-pein Hammer,Alynde Cirha,200,1,2023-06-18T22:13:16.000Z,https://universalis.app/market/2351
2352,Wrapped Hawksbeak Hammer,Krazed Shadow,30000,1,2023-07-07T07:39:43.000Z,https://universalis.app/market/2352
2355,Amateur's File,Hinoka Daisuke,705,1,2023-06-30T10:57:42.000Z,https://universalis.app/market/2355
2356,Bronze File,Aelia Wakely,1007,1,2023-07-02T14:38:37.000Z,https://universalis.app/market/2356
2358,Iron File,Silver Evren,9900,1,2023-06-24T17:10:22.000Z,https://universalis.app/market/2358
2359,Initiate's File,Omega Body,3000,1,2023-06-30T22:57:27.000Z,https://universalis.app/market/2359
2361,Steel File,Nox Argentum,20744,1,2023-06-19T19:56:23.000Z,https://universalis.app/market/2361
2363,Mythril File,Liliana Kranjcar,14999,1,2023-07-04T16:16:51.000Z,https://universalis.app/market/2363
2364,Cobalt File,General Grievous,19997,1,2023-06-27T01:15:38.000Z,https://universalis.app/market/2364
2365,Militia File,Syndriux Noir,60000,1,2023-06-30T06:16:20.000Z,https://universalis.app/market/2365
2367,Bronze Doming Hammer,Dove Gerraldieux,495,1,2023-06-26T21:31:55.000Z,https://universalis.app/market/2367
2368,Amateur's Doming Hammer,Gwen Grinnaux,59,1,2023-06-11T18:27:02.000Z,https://universalis.app/market/2368
2369,Bronze Raising Hammer,Theodora Solemn,1500,1,2023-06-16T05:16:18.000Z,https://universalis.app/market/2369
2370,Iron Doming Hammer,Ari Kamikura,4000,1,2023-07-04T11:40:55.000Z,https://universalis.app/market/2370
2371,Initiate's Doming Hammer,Ultra'a Sodapop,8000,1,2023-06-10T23:29:19.000Z,https://universalis.app/market/2371
2372,Iron Raising Hammer,Aly Non,29,1,2023-06-20T12:04:19.000Z,https://universalis.app/market/2372
2373,Wrapped Iron Raising Hammer,Ursa Moonscar,141,1,2023-07-04T01:21:24.000Z,https://universalis.app/market/2373
2374,Steel Doming Hammer,Danny Astle,8000,1,2023-06-27T17:47:02.000Z,https://universalis.app/market/2374
2375,Steel Raising Hammer,Peter Pickles,20000,1,2023-06-11T21:54:40.000Z,https://universalis.app/market/2375
2376,Cobalt Doming Hammer,Aria Castellan,7000,1,2023-07-02T00:44:53.000Z,https://universalis.app/market/2376
2377,Cobalt Raising Hammer,Aly Non,89999,1,2023-06-20T15:40:36.000Z,https://universalis.app/market/2377
2380,Amateur's Pliers,Winnie Winston,340,1,2023-06-17T19:10:33.000Z,https://universalis.app/market/2380
2381,Bronze Pliers,Winnie Winston,2999,1,2023-06-29T13:11:02.000Z,https://universalis.app/market/2381
2383,Iron Pliers,Hazak Maguzak,10000,1,2023-06-16T01:57:14.000Z,https://universalis.app/market/2383
2384,Initiate's Pliers,Adora Trevelyan,4999,1,2023-07-01T22:20:11.000Z,https://universalis.app/market/2384
2386,Steel Pliers,Danny Astle,17000,1,2023-06-28T21:00:46.000Z,https://universalis.app/market/2386
2388,Mythril Pliers,Setric Madrarua,17092,1,2023-07-05T01:08:32.000Z,https://universalis.app/market/2388
2389,Cobalt Pliers,Lilbit Frisky,5000,1,2023-07-05T15:14:04.000Z,https://universalis.app/market/2389
2392,Bronze Chaser Hammer,Kariet Vox,705,1,2023-07-02T20:52:05.000Z,https://universalis.app/market/2392
2393,Amateur's Chaser Hammer,Eldan Trevelyan,230,1,2023-06-18T19:53:56.000Z,https://universalis.app/market/2393
2394,Bronze Ornamental Hammer,Princess Moonbow,450,1,2023-06-15T04:44:45.000Z,https://universalis.app/market/2394
2395,Iron Chaser Hammer,Dax Nfr,7999,1,2023-06-29T23:32:44.000Z,https://universalis.app/market/2395
2397,Iron Ornamental Hammer,Johnny Pop'erz,5000,1,2023-06-10T22:03:17.000Z,https://universalis.app/market/2397
2398,Steel Chaser Hammer,Ryker Kha,200,1,2023-06-12T04:14:27.000Z,https://universalis.app/market/2398
2399,Steel Ornamental Hammer,Vhalla Curar,1450,1,2023-06-11T16:02:52.000Z,https://universalis.app/market/2399
2400,Mythril Ornamental Hammer,Vhalla Curar,20000,1,2023-06-15T02:13:48.000Z,https://universalis.app/market/2400
2401,Mythril Lapidary Hammer,Belit Qestir,450,1,2023-06-16T17:19:46.000Z,https://universalis.app/market/2401
2402,Electrum Lapidary Hammer,Io Leondis,35000,1,2023-06-14T21:14:49.000Z,https://universalis.app/market/2402
5183,Tourmaline,Kyra Lin'vael,333,2,2023-06-16T01:12:40.000Z,https://universalis.app/market/5183
2405,Amateur's Grinding Wheel,Winnie Winston,6,1,2023-06-17T19:12:37.000Z,https://universalis.app/market/2405
2406,Ragstone Grinding Wheel,Kennedy Meadow,3000,1,2023-06-13T18:09:33.000Z,https://universalis.app/market/2406
2408,Mudstone Grinding Wheel,Bella Zae,8000,1,2023-06-27T23:56:14.000Z,https://universalis.app/market/2408
5229,Mudstone,Aeryn Morningstar,150,99,2023-06-10T20:15:25.000Z,https://universalis.app/market/5229
2409,Initiate's Grinding Wheel,Johnny Pop'erz,10000,1,2023-06-10T22:03:13.000Z,https://universalis.app/market/2409
2411,Siltstone Grinding Wheel,Reibo Malbo,12500,1,2023-07-02T03:48:10.000Z,https://universalis.app/market/2411
5231,Siltstone,Astra Archeron,396,1,2023-06-17T22:45:36.000Z,https://universalis.app/market/5231
2413,Garnet Grinding Wheel,Belit Qestir,30000,1,2023-06-16T17:19:51.000Z,https://universalis.app/market/2413
5134,Raw Garnet,Lucin Tidalheim,320,3,2023-06-14T19:02:26.000Z,https://universalis.app/market/5134
2414,Basilisk Grinding Wheel,Aly Non,50000,1,2023-06-26T02:51:45.000Z,https://universalis.app/market/2414
5263,Basilisk Egg,Blissful Nightmare,1000,1,2023-06-29T16:22:54.000Z,https://universalis.app/market/5263
2415,Militia Grinding Wheel,Yaeryn Ejinn,21999,1,2023-06-21T23:55:36.000Z,https://universalis.app/market/2415
5158,Astral Rock,Nala Bewbess,101,2,2023-06-13T20:00:27.000Z,https://universalis.app/market/5158
2417,Bronze Head Knife,Prince Dios,1400,1,2023-06-22T12:28:34.000Z,https://universalis.app/market/2417
2418,Amateur's Head Knife,Dekken Blake,200,1,2023-07-01T20:28:59.000Z,https://universalis.app/market/2418
2419,Brass Head Knife,Vast Bear,3000,1,2023-06-20T22:10:04.000Z,https://universalis.app/market/2419
2420,Initiate's Head Knife,Lore-accurate Name,8918,1,2023-07-03T16:31:47.000Z,https://universalis.app/market/2420
2421,Iron Round Knife,Ever Espin,5000,1,2023-06-12T19:42:03.000Z,https://universalis.app/market/2421
2422,Iron Head Knife,Alazia Vessel,5041,1,2023-06-28T15:27:47.000Z,https://universalis.app/market/2422
2423,Silver Head Knife,Aly Non,3075,1,2023-06-13T01:13:14.000Z,https://universalis.app/market/2423
2424,Steel Round Knife,Vhalla Curar,1000,1,2023-06-20T15:55:02.000Z,https://universalis.app/market/2424
2425,Mythril Head Knife,Nox Argentum,10000,1,2023-06-19T19:55:31.000Z,https://universalis.app/market/2425
2426,Mythril Round Knife,Dontonberry's Grudge,749,1,2023-06-21T01:38:02.000Z,https://universalis.app/market/2426
2427,Electrum Head Knife,Belit Qestir,55000,1,2023-06-14T15:35:44.000Z,https://universalis.app/market/2427
2430,Amateur's Awl,Krazed Shadow,495,1,2023-07-01T05:09:24.000Z,https://universalis.app/market/2430
2431,Bronze Awl,Winnie Winston,2999,1,2023-06-29T13:01:54.000Z,https://universalis.app/market/2431
2433,Iron Awl,Johnny Pop'erz,10000,1,2023-06-10T21:34:24.000Z,https://universalis.app/market/2433
2434,Initiate's Awl,Kutori Inugami,500,1,2023-06-28T21:04:14.000Z,https://universalis.app/market/2434
2436,Steel Awl,Bella Zae,29000,1,2023-06-29T23:27:12.000Z,https://universalis.app/market/2436
2437,Wrapped Steel Awl,Hecate Getsuhime,20000,1,2023-06-14T17:33:17.000Z,https://universalis.app/market/2437
2439,Mythril Awl,Nyaoto Shirogane,30000,1,2023-06-12T23:51:36.000Z,https://universalis.app/market/2439
2443,Copper Needle,Naomi Kusakari,1001,1,2023-06-30T22:52:45.000Z,https://universalis.app/market/2443
2444,Bat Fang Needle,Bubs Jackson,9999,1,2023-06-16T08:03:12.000Z,https://universalis.app/market/2444
2445,Amateur's Needle,Jasper James,900,1,2023-06-13T21:37:32.000Z,https://universalis.app/market/2445
2446,Brass Needle,Ragna Valgos,8000,1,2023-06-19T19:17:22.000Z,https://universalis.app/market/2446
2447,Initiate's Needle,Reinoheart Asylan,10101,1,2023-06-25T01:38:42.000Z,https://universalis.app/market/2447
2448,Silver Needle,Omega Body,1875,1,2023-07-02T18:17:58.000Z,https://universalis.app/market/2448
2449,Worm Fang Needle,Aria Castellan,6895,1,2023-07-01T01:51:41.000Z,https://universalis.app/market/2449
5447,Sandworm Fang,Kieran Corvinus,700,8,2023-06-10T17:22:13.000Z,https://universalis.app/market/5447
2450,Mythril Needle,Vicenzo Volpe,7000,1,2023-06-14T22:16:47.000Z,https://universalis.app/market/2450
2451,Wolf Fang Needle,Sangka Arcturus,29999,1,2023-06-25T13:58:39.000Z,https://universalis.app/market/2451
2452,Thousand Needle,Nagi Blackwood,1598,1,2023-07-04T02:57:54.000Z,https://universalis.app/market/2452
5468,Cactuar Needle,Elizabeth Midori,10000,5,2023-06-22T19:04:49.000Z,https://universalis.app/market/5468
2453,Electrum Needle,Furian Yunaris,10210,1,2023-06-12T18:59:37.000Z,https://universalis.app/market/2453
2456,Amateur's Spinning Wheel,Kaze Kuzunoha,900,1,2023-06-11T21:29:34.000Z,https://universalis.app/market/2456
2457,Ash Spinning Wheel,Winnie Winston,13,1,2023-06-29T13:02:52.000Z,https://universalis.app/market/2457
2459,Initiate's Spinning Wheel,Ragna Valgos,2000,1,2023-06-19T19:17:28.000Z,https://universalis.app/market/2459
2460,Elm Spinning Wheel,Intentional Grace,2998,1,2023-06-26T19:01:00.000Z,https://universalis.app/market/2460
2464,Mahogany Spinning Wheel,Aly Non,40332,1,2023-06-15T05:01:00.000Z,https://universalis.app/market/2464
2465,Rosewood Spinning Wheel,Sayana Himaa,18000,1,2023-06-11T10:34:50.000Z,https://universalis.app/market/2465
2466,Militia Spinning Wheel,Haldon Forerunner,49900,1,2023-06-19T06:39:39.000Z,https://universalis.app/market/2466
2468,Bronze Alembic,Jasper James,12185,1,2023-06-15T01:33:55.000Z,https://universalis.app/market/2468
2469,Amateur's Alembic,Aelia Wakely,1000,1,2023-07-04T02:09:42.000Z,https://universalis.app/market/2469
2470,Brass Alembic,Mystique Tia,5000,1,2023-06-30T02:14:55.000Z,https://universalis.app/market/2470
2471,Initiate's Alembic,Danny Astle,3000,1,2023-06-28T21:01:03.000Z,https://universalis.app/market/2471
2472,Iron Alembic,Asura Skybreaker,26,1,2023-06-16T06:22:20.000Z,https://universalis.app/market/2472
2473,Conical Alembic,Reinoheart Asylan,5500,1,2023-06-29T03:17:52.000Z,https://universalis.app/market/2473
2474,Steel Alembic,Dontonberry's Grudge,6600,1,2023-06-27T02:22:02.000Z,https://universalis.app/market/2474
2475,Silver Alembic,Dragon Seeker,5500,1,2023-07-01T13:21:44.000Z,https://universalis.app/market/2475
2476,Mythril Alembic,Cutie Tiger,40000,1,2023-06-11T18:02:05.000Z,https://universalis.app/market/2476
2477,Electrum Alembic,Aerin Lostlandafy,3500,1,2023-06-18T14:36:39.000Z,https://universalis.app/market/2477
2478,Thermal Alembic,Princess Flare,33000,1,2023-06-21T04:24:46.000Z,https://universalis.app/market/2478
2481,Amateur's Mortar,Serena Relanah,4905,1,2023-06-11T19:22:10.000Z,https://universalis.app/market/2481
2482,Bronze Mortar,Rue Bix-kyoob,5009,1,2023-07-06T22:26:35.000Z,https://universalis.app/market/2482
2484,Iron Mortar,Hazak Maguzak,5000,1,2023-06-13T22:40:40.000Z,https://universalis.app/market/2484
2485,Initiate's Mortar,Ciel Bleu,1600,1,2023-06-15T09:44:29.000Z,https://universalis.app/market/2485
2487,Steel Mortar,Maya Alimont,30000,1,2023-06-14T17:36:32.000Z,https://universalis.app/market/2487
2488,Heavy Steel Mortar,Yun Bai,12000,1,2023-06-27T14:40:45.000Z,https://universalis.app/market/2488
2490,Mythril Mortar,Ciel Bleu,29999,1,2023-06-16T04:06:33.000Z,https://universalis.app/market/2490
2491,Cobalt Mortar,Raivyn Black,7999,1,2023-06-13T20:54:07.000Z,https://universalis.app/market/2491
2492,Militia Mortar,Jiluna Araxie,59998,1,2023-07-04T04:37:55.000Z,https://universalis.app/market/2492
2494,Bronze Skillet,Serena Relanah,14999,1,2023-06-11T19:22:40.000Z,https://universalis.app/market/2494
2495,Amateur's Skillet,Celix Naline,10000,1,2023-06-17T11:53:26.000Z,https://universalis.app/market/2495
2496,Iron Skillet,Luna Kersh,2013,1,2023-06-30T11:16:39.000Z,https://universalis.app/market/2496
2497,Initiate's Skillet,Ubito Tabito,4976,1,2023-06-29T12:11:33.000Z,https://universalis.app/market/2497
2498,Iron Frypan,Arch Loch,2000,1,2023-06-13T14:54:45.000Z,https://universalis.app/market/2498
2499,Bomb Frypan,Hazak Maguzak,16900,1,2023-06-19T01:28:40.000Z,https://universalis.app/market/2499
5528,Bomb Ash,Sylvia Quasar,1200,3,2023-07-07T11:10:28.000Z,https://universalis.app/market/5528
2501,White Skillet,Boba Khar,7000,1,2023-06-12T09:26:12.000Z,https://universalis.app/market/2501
2502,Steel Frypan,Zailio Kupo,39999,1,2023-06-27T20:25:22.000Z,https://universalis.app/market/2502
2503,Cobalt Skillet,Annikah Hansen,19998,1,2023-06-23T14:15:28.000Z,https://universalis.app/market/2503
2504,Hells' Kitchen,Lux Ardent,35000,1,2023-06-23T15:37:05.000Z,https://universalis.app/market/2504
2507,Amateur's Culinary Knife,Maja Sturmfrei,4000,1,2023-06-12T21:06:18.000Z,https://universalis.app/market/2507
2508,Bronze Culinary Knife,Iqoshe Moqoshe,2000,1,2023-06-21T08:12:17.000Z,https://universalis.app/market/2508
2510,Iron Culinary Knife,Sangka Arcturus,4000,1,2023-06-24T20:21:13.000Z,https://universalis.app/market/2510
2511,Initiate's Culinary Knife,Lune Marpierre,7000,1,2023-07-06T04:38:50.000Z,https://universalis.app/market/2511
2513,Steel Culinary Knife,Marleena Vox,18000,1,2023-06-30T22:10:02.000Z,https://universalis.app/market/2513
2514,Wrapped Steel Culinary Knife,Annikah Hansen,30000,1,2023-06-23T14:15:42.000Z,https://universalis.app/market/2514
2516,Mythril Culinary Knife,Jorim Kim,50000,1,2023-07-05T03:31:15.000Z,https://universalis.app/market/2516
2517,Cobalt Culinary Knife,Alice Nasiri,20000,1,2023-06-21T17:35:19.000Z,https://universalis.app/market/2517
2518,Militia Culinary Knife,Aeryn Suun,35000,1,2023-06-15T22:20:58.000Z,https://universalis.app/market/2518
2520,Bronze Pickaxe,Everly Aurora,7006,1,2023-06-12T04:10:17.000Z,https://universalis.app/market/2520
2521,Amateur's Pickaxe,Maki Pizza,4000,1,2023-06-11T01:53:36.000Z,https://universalis.app/market/2521
2522,Plumed Bronze Pickaxe,Exdrek Diablegris,5011,1,2023-07-01T13:09:44.000Z,https://universalis.app/market/2522
2523,Iron Pickaxe,Arbor Ataraxia,15000,1,2023-07-04T00:04:42.000Z,https://universalis.app/market/2523
2524,Initiate's Pickaxe,Reibo Malbo,5024,1,2023-07-02T03:35:37.000Z,https://universalis.app/market/2524
2525,Iron Dolabra,Danny Astle,31,1,2023-06-16T22:50:36.000Z,https://universalis.app/market/2525
2526,Steel Pickaxe,Albert Rocko,8000,1,2023-06-29T01:43:38.000Z,https://universalis.app/market/2526
2527,Steel Dolabra,Ikina Icefox,13900,1,2023-06-16T17:34:44.000Z,https://universalis.app/market/2527
2528,Plumed Mythril Pickaxe,Adora Trevelyan,29999,1,2023-07-06T21:20:41.000Z,https://universalis.app/market/2528
5327,Undyed Linen,Doctor Tranosaurus,2000,1,2023-07-04T06:28:47.000Z,https://universalis.app/market/5327
2529,Cobalt Dolabra,Vhalla Curar,33000,1,2023-06-11T23:04:42.000Z,https://universalis.app/market/2529
2530,Egret Dolabra,Ren Klaasje,30000,1,2023-06-24T23:20:48.000Z,https://universalis.app/market/2530
2534,Bronze Sledgehammer,Exdrek Diablegris,2000,1,2023-07-01T13:09:59.000Z,https://universalis.app/market/2534
2536,Initiate's Sledgehammer,Lore-accurate Name,10000,1,2023-07-04T00:52:24.000Z,https://universalis.app/market/2536
2537,Iron Sledgehammer,Vicenzo Volpe,12000,1,2023-06-11T15:21:03.000Z,https://universalis.app/market/2537
2539,Steel Sledgehammer,Naia Farron,49,1,2023-06-16T18:51:55.000Z,https://universalis.app/market/2539
2540,Wrapped Steel Sledgehammer,Vhalla Curar,12500,1,2023-06-11T14:58:16.000Z,https://universalis.app/market/2540
2542,Mythril Sledgehammer,Thelanicus Revarion,30000,1,2023-06-29T15:01:32.000Z,https://universalis.app/market/2542
2543,Cobalt Sledgehammer,Mamba Abmamba,45000,1,2023-06-17T16:52:42.000Z,https://universalis.app/market/2543
2544,Militia Sledgehammer,Bkilla Iravage,75000,1,2023-06-14T23:00:02.000Z,https://universalis.app/market/2544
2546,Bronze Hatchet,Riese Ratte,5000,1,2023-06-23T03:24:46.000Z,https://universalis.app/market/2546
2547,Amateur's Hatchet,Sesame Buns,5000,1,2023-06-24T04:22:41.000Z,https://universalis.app/market/2547
2548,Iron Hatchet,Arbor Ataraxia,29983,1,2023-07-02T18:22:52.000Z,https://universalis.app/market/2548
2549,Initiate's Hatchet,Izanumi Akagi,10499,1,2023-06-20T23:28:27.000Z,https://universalis.app/market/2549
2550,Brass Hatchet,Anastasias Derevo,200,1,2023-07-04T14:09:24.000Z,https://universalis.app/market/2550
2551,Plumed Iron Hatchet,Dontonberry's Grudge,29999,1,2023-06-10T23:51:03.000Z,https://universalis.app/market/2551
5359,Chocobo Feather,Pancake Kowka,8500,1,2023-06-11T03:07:10.000Z,https://universalis.app/market/5359
2552,Steel Hatchet,Yuki-onna Raen,9998,1,2023-07-06T00:09:54.000Z,https://universalis.app/market/2552
2553,Plumed Steel Hatchet,Kethra Vae,590,1,2023-06-26T00:51:29.000Z,https://universalis.app/market/2553
2554,Mythril Hatchet,Rorobin Fishy,13996,1,2023-06-21T20:18:06.000Z,https://universalis.app/market/2554
2555,Cobalt Hatchet,Aenimia Doomslayer,5000,1,2023-06-14T17:45:33.000Z,https://universalis.app/market/2555
2556,Horned Hatchet,Sorceress Knight,65000,1,2023-06-27T23:47:50.000Z,https://universalis.app/market/2556
2560,Bronze Scythe,Doctor Tranosaurus,8000,1,2023-06-11T03:48:30.000Z,https://universalis.app/market/2560
2562,Iron Scythe,Faul'st Helio,7699,1,2023-06-19T23:28:08.000Z,https://universalis.app/market/2562
2563,Initiate's Scythe,Amelie Vissalia,12000,1,2023-06-13T08:30:07.000Z,https://universalis.app/market/2563
2565,Steel Scythe,Luna Angelus,575,1,2023-06-23T19:25:42.000Z,https://universalis.app/market/2565
2566,Wrapped Steel Scythe,Nagi Blackwood,1000,1,2023-06-20T01:04:26.000Z,https://universalis.app/market/2566
2568,Mythril Scythe,Mamba Abmamba,10000,1,2023-06-19T01:28:58.000Z,https://universalis.app/market/2568
2569,Cobalt Scythe,Red Jaliqai,28500,1,2023-07-06T10:01:22.000Z,https://universalis.app/market/2569
2570,Militia Scythe,Mizuki Hana,50000,1,2023-06-23T03:24:48.000Z,https://universalis.app/market/2570
2572,Maple Fishing Rod,Wyngale Althyk,995,1,2023-07-03T23:38:37.000Z,https://universalis.app/market/2572
2573,Amateur's Fishing Rod,Kennedy Meadow,4890,1,2023-06-13T22:39:44.000Z,https://universalis.app/market/2573
2574,Elm Fishing Rod,Gabriella Solara,6700,1,2023-06-26T01:09:44.000Z,https://universalis.app/market/2574
2575,Initiate's Fishing Rod,Young Disaster,7000,1,2023-06-23T17:14:33.000Z,https://universalis.app/market/2575
2576,Yew Fishing Rod,Bella Zae,13500,1,2023-06-30T22:46:10.000Z,https://universalis.app/market/2576
2577,Staghorn Fishing Rod,Crystal Xhasin,14000,1,2023-06-15T01:10:24.000Z,https://universalis.app/market/2577
2578,Walnut Fishing Rod,Nele Nuro,18000,1,2023-06-26T21:18:53.000Z,https://universalis.app/market/2578
2579,Horn Fishing Rod,Belit Qestir,10000,1,2023-06-14T15:29:11.000Z,https://universalis.app/market/2579
2580,Mahogany Fishing Rod,Shuleyn Elilnebbwyn,25000,1,2023-06-10T22:40:07.000Z,https://universalis.app/market/2580
2581,Rosewood Fishing Rod,Argon Grezz,40000,1,2023-07-01T19:34:42.000Z,https://universalis.app/market/2581
2582,Gilded Rosewood Fishing Rod,Please Feed-me,57000,1,2023-06-12T01:28:12.000Z,https://universalis.app/market/2582
2588,Crayfish Ball,Aphmau Irene,400,95,2023-07-07T07:04:51.000Z,https://universalis.app/market/2588
4825,Rye Flour,Haerith Varsith,100,1,2023-06-17T05:55:31.000Z,https://universalis.app/market/4825
4925,Crayfish,Esmeralda Akarui,2000,1,2023-06-18T06:27:07.000Z,https://universalis.app/market/4925
2589,Goby Ball,Debroye Paharo,19995,10,2023-06-16T12:49:03.000Z,https://universalis.app/market/2589
4931,Dusk Goby,Big Mommas,300,40,2023-06-13T20:28:10.000Z,https://universalis.app/market/4931
2593,Crab Ball,Arcale D'averum,95,49,2023-07-06T04:15:05.000Z,https://universalis.app/market/2593
4880,Helmet Crab,Illia Unova,9999,4,2023-06-23T00:57:20.000Z,https://universalis.app/market/4880
2595,Bass Ball,Violet Aria,15,95,2023-07-01T23:48:02.000Z,https://universalis.app/market/2595
4826,Sunset Wheat Flour,Cyn Feldspar,800,1,2023-06-27T01:47:19.000Z,https://universalis.app/market/4826
4959,Dark Bass,Big Mommas,6969,1,2023-06-15T04:31:28.000Z,https://universalis.app/market/4959
2598,Herring Ball,Argon Grezz,200,29,2023-06-29T03:40:22.000Z,https://universalis.app/market/2598
4895,Indigo Herring,Edouard Cudel,1001,3,2023-06-13T21:43:13.000Z,https://universalis.app/market/4895
2610,Chocobo Fly,Dragon Seeker,298,3,2023-07-01T12:55:48.000Z,https://universalis.app/market/2610
2611,Floating Minnow,Masha Sochz,1003,15,2023-07-07T19:27:33.000Z,https://universalis.app/market/2611
2612,Brass Spoon Lure,The Emissary,2996,25,2023-06-13T07:23:15.000Z,https://universalis.app/market/2612
2614,Crow Fly,Star Rei,4750,3,2023-06-11T19:03:01.000Z,https://universalis.app/market/2614
2615,Silver Spoon Lure,Eawyn Vandergarden,200,5,2023-07-04T20:25:42.000Z,https://universalis.app/market/2615
2616,Steel Jig,Zero Tvvo,1174,21,2023-06-10T17:23:02.000Z,https://universalis.app/market/2616
2617,Sinking Minnow,Serafina Pekkala,3000,5,2023-06-11T09:56:30.000Z,https://universalis.app/market/2617
2618,Snurble Fly,Benny Buncake,5000,2,2023-07-01T05:18:23.000Z,https://universalis.app/market/2618
5349,Snurble Tufts,Rin If,10000000,1,2023-07-04T08:03:38.000Z,https://universalis.app/market/5349
2619,Heavy Steel Jig,Schala Grinnaux,3000,5,2023-06-10T20:04:26.000Z,https://universalis.app/market/2619
2620,Spinner,Kylonn Sanemi,3999,1,2023-06-30T19:18:08.000Z,https://universalis.app/market/2620
4900,Whitelip Oyster,Sunshine Parfait,8675,3,2023-06-27T15:12:11.000Z,https://universalis.app/market/4900
2622,Mythril Spoon Lure,Starry Nights,400,30,2023-06-30T17:21:34.000Z,https://universalis.app/market/2622
2623,Wildfowl Fly,Yuzu Marmalade,500,28,2023-07-06T14:48:45.000Z,https://universalis.app/market/2623
2624,Topwater Frog,Elowynn Fomortiis,3000,5,2023-06-15T02:00:51.000Z,https://universalis.app/market/2624
2625,Rainbow Spoon Lure,Koh'a Tami,4000,5,2023-06-14T05:15:02.000Z,https://universalis.app/market/2625
5466,Blacklip Oyster,Crimson Grave,30000,1,2023-06-29T03:00:47.000Z,https://universalis.app/market/5466
2626,Spinnerbait,Deneve Ruuj,6000,5,2023-07-06T07:17:50.000Z,https://universalis.app/market/2626
5329,Undyed Felt,Kaegenth High-heart,10002,2,2023-06-21T23:38:25.000Z,https://universalis.app/market/5329
2627,Streamer,Badd Ette,1000,3,2023-06-30T21:01:41.000Z,https://universalis.app/market/2627
2628,Yumizuno,Phase Eden,10000,4,2023-07-02T19:42:07.000Z,https://universalis.app/market/2628
2629,Hempen Coif,Hak Eroni,10000,1,2023-06-11T22:10:23.000Z,https://universalis.app/market/2629
2630,Hempen Coif of Gathering,Lucian Everstone,100000,1,2023-06-12T05:54:11.000Z,https://universalis.app/market/2630
2631,Leather Calot,Stoic Oak,38000000,1,2023-07-06T22:12:59.000Z,https://universalis.app/market/2631
12590,Ramie Cloth,Dontonberry's Grudge,5000,10,2023-06-14T04:25:24.000Z,https://universalis.app/market/12590
12595,Ramie Thread,Methis Rend,3000,1,2023-06-18T01:42:02.000Z,https://universalis.app/market/12595
2652,Hempen Bandana,Beerus Genesis,10000,1,2023-06-11T06:51:45.000Z,https://universalis.app/market/2652
2653,Leather Eyepatch,Kyoko Il,10002,1,2023-07-07T10:12:29.000Z,https://universalis.app/market/2653
2654,Hard Leather Pot Helm,Sky Ice,500,1,2023-06-14T18:28:26.000Z,https://universalis.app/market/2654
2655,Hempen Hat,Ichiru Kaien,3000000,1,2023-07-04T22:42:37.000Z,https://universalis.app/market/2655
2656,Bronze Chain Coif,Elandur Aerendil,2000,1,2023-07-03T22:48:07.000Z,https://universalis.app/market/2656
5081,Bronze Rings,Gwen Grinnaux,11,99,2023-06-11T18:24:39.000Z,https://universalis.app/market/5081
2658,Straw Hat,Rue Bix-kyoob,2000,1,2023-07-04T10:20:57.000Z,https://universalis.app/market/2658
5342,Straw,Mirandaa Sweetheart,450,99,2023-06-27T17:22:42.000Z,https://universalis.app/market/5342
2660,Amateur's Headgear,Winnie Winston,5994,1,2023-06-29T13:00:49.000Z,https://universalis.app/market/2660
2661,Amateur's Hempen Coif,Phoenyx Corvidae,7000,1,2023-06-16T03:03:18.000Z,https://universalis.app/market/2661
2662,Bronze Sallet,Sager Blood-goddess,5000,1,2023-06-24T01:21:10.000Z,https://universalis.app/market/2662
2663,Stablemaid's Hat,Malun Starfall,4500,1,2023-07-01T17:48:22.000Z,https://universalis.app/market/2663
5540,Carnation,X' Xathe,1000,1,2023-06-11T09:19:41.000Z,https://universalis.app/market/5540
2664,Bronze Barbut,Danny Astle,10000,1,2023-06-19T20:53:57.000Z,https://universalis.app/market/2664
2665,Cotton Turban,Kaya Runway,3500,1,2023-06-12T17:19:56.000Z,https://universalis.app/market/2665
2666,Stablehand's Hat,Kennedy Meadow,5000,1,2023-06-13T18:05:22.000Z,https://universalis.app/market/2666
2668,Brass Spectacles,Ephraim Slim,15000,1,2023-06-22T17:58:58.000Z,https://universalis.app/market/2668
5512,Clear Glass Lens,Elowynn Fomortiis,800,1,2023-06-19T04:02:15.000Z,https://universalis.app/market/5512
2669,Hard Leather Eyepatch,Yuyuchko Sasachko,20000000,1,2023-07-05T19:23:25.000Z,https://universalis.app/market/2669
2670,Cotton Scarf,Estelle Ceres,25000,1,2023-06-25T04:13:11.000Z,https://universalis.app/market/2670
2672,Hard Leather Skullcap,Khloe Aliapoh,11450000,1,2023-06-17T16:14:40.000Z,https://universalis.app/market/2672
2673,Bronze Celata,Izanumi Akagi,2799,1,2023-07-07T01:31:21.000Z,https://universalis.app/market/2673
2675,Ash Mask,Asta Kovari,2500,1,2023-06-24T20:55:41.000Z,https://universalis.app/market/2675
2677,Hunting Hat,Dezkiimro Avagnar,5600,1,2023-06-14T05:02:40.000Z,https://universalis.app/market/2677
2680,Decorated Bronze Barbut,Supreme Tacos,25000,1,2023-06-19T11:59:03.000Z,https://universalis.app/market/2680
2685,Brass Circlet (Sunstone),Arbor Ataraxia,1500,1,2023-07-02T18:23:35.000Z,https://universalis.app/market/2685
5169,Sunstone,Aeryn Moonstar,82,2,2023-06-14T19:37:44.000Z,https://universalis.app/market/5169
2687,Brass Circlet (Danburite),Nut Bot,2410,1,2023-06-22T18:18:28.000Z,https://universalis.app/market/2687
5170,Danburite,Mystique Tia,450,1,2023-06-16T14:30:42.000Z,https://universalis.app/market/5170
2689,Brass Circlet (Malachite),Celix Naline,2500,1,2023-06-17T11:53:39.000Z,https://universalis.app/market/2689
5171,Malachite,Spyrit Andras,1000,7,2023-06-19T21:53:14.000Z,https://universalis.app/market/5171
2691,Brass Circlet (Sphene),Faul'st Helio,9000,1,2023-06-19T23:29:48.000Z,https://universalis.app/market/2691
5172,Sphene,Risa Pizza,79,2,2023-07-08T00:31:18.000Z,https://universalis.app/market/5172
2693,Brass Circlet (Fluorite),Draco Evelard,100,1,2023-07-03T08:34:16.000Z,https://universalis.app/market/2693
5173,Fluorite,Risa Pizza,62,2,2023-07-08T00:31:29.000Z,https://universalis.app/market/5173
2695,Brass Circlet (Lapis Lazuli),Revannah Rihl,2999,1,2023-06-24T13:46:42.000Z,https://universalis.app/market/2695
5174,Lapis Lazuli,Leo Mikael,711,2,2023-07-04T09:54:40.000Z,https://universalis.app/market/5174
2697,Goatskin Pot Helm,Veneria Foreshadow,7000,1,2023-06-15T05:45:15.000Z,https://universalis.app/market/2697
2699,Cotton Coif,Arbor Ataraxia,7998,1,2023-07-02T18:23:58.000Z,https://universalis.app/market/2699
2700,Cotton Coif of Gathering,Layah O'rhora,19550,1,2023-06-17T21:09:34.000Z,https://universalis.app/market/2700
2703,Ash Mask (Lapis Lazuli),Zephyr Nakamura,4000,1,2023-06-29T19:03:29.000Z,https://universalis.app/market/2703
2708,Iron Sallet,Dusk Evenfall,30000,1,2023-06-14T07:54:00.000Z,https://universalis.app/market/2708
2710,Goatskin Eyepatch,Bella Zae,7500,1,2023-07-03T15:48:56.000Z,https://universalis.app/market/2710
2712,Iron Celata,Eva Lynn,25000,1,2023-06-12T01:22:58.000Z,https://universalis.app/market/2712
5082,Iron Rings,Patz Lelani,500,1,2023-06-11T23:09:16.000Z,https://universalis.app/market/5082
2714,Initiate's Headgear,Miku Milk,12000000,1,2023-06-22T12:55:35.000Z,https://universalis.app/market/2714
2719,Cotton Sugarloaf Hat,Mr Valentine,560000000,1,2023-07-01T12:35:45.000Z,https://universalis.app/market/2719
2723,Iron Elmo,Sjena Vale,3000,1,2023-06-12T05:15:03.000Z,https://universalis.app/market/2723
2725,Reinforced Iron Sallet,Hazak Maguzak,15000,1,2023-06-15T03:52:47.000Z,https://universalis.app/market/2725
2727,Velveteen Bandana,Argon Grezz,29995,1,2023-06-28T21:41:51.000Z,https://universalis.app/market/2727
2728,Silver Spectacles,Revannah Rihl,59999,1,2023-06-26T20:02:18.000Z,https://universalis.app/market/2728
2729,Velveteen Turban,Usagi Pillow,10000,1,2023-06-21T21:27:58.000Z,https://universalis.app/market/2729
2731,Silver Magnifiers,Venar Ymir,30000,1,2023-06-26T01:53:10.000Z,https://universalis.app/market/2731
2733,Velveteen Wedge Cap of Crafting,S'acha Ryou,19960,1,2023-07-05T20:05:32.000Z,https://universalis.app/market/2733
2734,Velveteen Wedge Cap of Gathering,Aphmau Irene,24999,1,2023-07-07T06:02:31.000Z,https://universalis.app/market/2734
2735,Silver Circlet (Garnet),Kotone Shiomy,10000,1,2023-06-14T00:30:38.000Z,https://universalis.app/market/2735
5175,Garnet,Scavell Tane,250,2,2023-06-29T14:36:13.000Z,https://universalis.app/market/5175
2737,Silver Circlet (Goshenite),Fi Liaforte,10000,1,2023-06-14T19:15:06.000Z,https://universalis.app/market/2737
5176,Goshenite,Oryara Kennakanja,599,1,2023-07-02T17:30:34.000Z,https://universalis.app/market/5176
2739,Silver Circlet (Peridot),Edouard Cudel,10000,1,2023-07-06T15:56:22.000Z,https://universalis.app/market/2739
5177,Peridot,Magn Dorum,420,1,2023-06-25T17:44:41.000Z,https://universalis.app/market/5177
2741,Silver Circlet (Heliodor),Stardust Stellaris,14999,1,2023-06-26T18:28:30.000Z,https://universalis.app/market/2741
5178,Heliodor,Risa Pizza,330,12,2023-07-07T04:24:07.000Z,https://universalis.app/market/5178
2743,Silver Circlet (Amethyst),Raptor Kusakari,3997,1,2023-07-01T14:34:36.000Z,https://universalis.app/market/2743
5179,Amethyst,Zucha Wosu,98,2,2023-06-13T04:49:35.000Z,https://universalis.app/market/5179
2745,Silver Circlet (Aquamarine),Cyn Feldspar,2499,1,2023-06-17T20:28:53.000Z,https://universalis.app/market/2745
5180,Aquamarine,Raven Lionheart,200,2,2023-06-27T21:45:55.000Z,https://universalis.app/market/5180
2750,Velveteen Beret,Plushy Kitty,22000,1,2023-07-07T22:43:38.000Z,https://universalis.app/market/2750
5343,Cotton Boll,Jace D'portgas,1000,6,2023-06-27T14:46:16.000Z,https://universalis.app/market/5343
5355,Dodo Feather,Zowie Arias,749,5,2023-06-25T01:01:28.000Z,https://universalis.app/market/5355
2753,Steel Sallet,Rinha Rylla,39999,1,2023-06-10T23:50:35.000Z,https://universalis.app/market/2753
2755,Steel Celata,Honey Bourbon,25000,1,2023-06-11T21:10:36.000Z,https://universalis.app/market/2755
2757,Vintage Celata,Squall's Grave,10000,1,2023-06-14T00:19:56.000Z,https://universalis.app/market/2757
2758,Steel Goggles,Jay Sabertooth,59999,1,2023-06-16T19:23:44.000Z,https://universalis.app/market/2758
2763,Velveteen Sugarloaf Hat,Danny Astle,20000,1,2023-06-14T08:44:04.000Z,https://universalis.app/market/2763
2765,Steel Elmo,Darth Rice,4000,1,2023-06-12T16:14:41.000Z,https://universalis.app/market/2765
2767,Skull Eyepatch,Dino Punch-kick,30000,1,2023-07-02T17:19:07.000Z,https://universalis.app/market/2767
2769,Mythril Magnifiers,Welos Aldmeira,30000,1,2023-07-02T20:10:05.000Z,https://universalis.app/market/2769
2774,Mythril Spectacles,Kyorlis Kupo,59999,1,2023-06-14T00:26:17.000Z,https://universalis.app/market/2774
2776,Linen Turban,Dertah Ebonwing,30000000,1,2023-06-10T22:27:16.000Z,https://universalis.app/market/2776
2778,Angler's Hat,Zarya Zo,15000,1,2023-07-02T03:13:14.000Z,https://universalis.app/market/2778
2779,Linen Hat,Loija Djt-gilda,23249,1,2023-06-18T08:00:46.000Z,https://universalis.app/market/2779
2785,Vintage Chef's Hat,Ubito Tabito,23400,1,2023-07-01T01:35:32.000Z,https://universalis.app/market/2785
2786,Steel Barbut,Belit Qestir,7999,1,2023-06-22T21:02:36.000Z,https://universalis.app/market/2786
2788,Boarskin Pot Helm,Veneria Foreshadow,20000,1,2023-07-05T16:43:40.000Z,https://universalis.app/market/2788
2790,Mythril Circlet (Rubellite),Celix Naline,27500,1,2023-07-02T19:42:31.000Z,https://universalis.app/market/2790
5181,Rubellite,Crimson Myst,2000,1,2023-06-15T17:11:37.000Z,https://universalis.app/market/5181
2792,Mythril Circlet (Zircon),Balen Akadian,5037,1,2023-06-30T06:43:55.000Z,https://universalis.app/market/2792
5182,Zircon,Ajax Hughes,1002,1,2023-06-28T02:10:32.000Z,https://universalis.app/market/5182
2794,Mythril Circlet (Tourmaline),Nocette Joulioud,6897,1,2023-06-16T00:59:30.000Z,https://universalis.app/market/2794
2796,Mythril Circlet (Amber),Theon Ambrose,5000,1,2023-06-18T21:19:03.000Z,https://universalis.app/market/2796
5184,Amber,David Borland,6000,1,2023-07-04T20:48:49.000Z,https://universalis.app/market/5184
2798,Mythril Circlet (Spinel),Toffee Sarcallis,15000,1,2023-07-04T17:31:31.000Z,https://universalis.app/market/2798
5185,Spinel,Golden Grahams,4500,1,2023-06-29T16:28:54.000Z,https://universalis.app/market/5185
2800,Mythril Circlet (Turquoise),Zavier Stone,5000,1,2023-07-02T00:44:30.000Z,https://universalis.app/market/2800
5186,Turquoise,Rosalinde Aurifort,140,2,2023-06-26T01:00:55.000Z,https://universalis.app/market/5186
2802,Mythril Elmo,Maxx Alexandros,17500,1,2023-06-16T05:02:54.000Z,https://universalis.app/market/2802
2804,Linen Wedge Cap of Crafting,Ursa Moonscar,19999,1,2023-07-04T20:48:02.000Z,https://universalis.app/market/2804
2805,Linen Wedge Cap of Gathering,Zendik Valon,29999,1,2023-06-29T05:31:46.000Z,https://universalis.app/market/2805
2806,Woolen Coif,Yasuko Kanagi,24999,1,2023-07-06T03:08:04.000Z,https://universalis.app/market/2806
5328,Undyed Woolen Cloth,Austin Firehawk,30000,2,2023-06-19T02:44:35.000Z,https://universalis.app/market/5328
2808,Woolen Coif of Gathering,Spook Kirijo,75000,1,2023-07-02T00:24:08.000Z,https://universalis.app/market/2808
2810,Woolen Turban,Mega Jutsu,30000,1,2023-06-29T18:20:35.000Z,https://universalis.app/market/2810
2812,Mythril Celata,Hazak Maguzak,27000,1,2023-06-25T14:36:03.000Z,https://universalis.app/market/2812
5089,Mythril Rings,Jacket Elyza,489,1,2023-06-11T12:45:55.000Z,https://universalis.app/market/5089
2814,Woolen Hat,Khosa Aurdwynn,26250,1,2023-06-12T07:48:07.000Z,https://universalis.app/market/2814
2816,Linen Deerstalker,Max Zildar,30000,1,2023-06-18T23:17:40.000Z,https://universalis.app/market/2816
2817,Mythril Barbut,Izumi Spencer,20000,1,2023-06-14T07:18:37.000Z,https://universalis.app/market/2817
2819,Mythril Mesail,Lyr Monnawesfv,25000,1,2023-06-27T04:59:56.000Z,https://universalis.app/market/2819
2825,Ranger's Hat,Drippin W',1699,1,2023-06-18T02:28:25.000Z,https://universalis.app/market/2825
2827,Mythril Chain Coif,Lynara Ashengale,10000,1,2023-06-24T00:31:05.000Z,https://universalis.app/market/2827
2829,Woolen Beret,Malak Eazal,39999,1,2023-06-13T03:34:27.000Z,https://universalis.app/market/2829
5348,Apkallu Down,Artoria Abysswalker,1000,1,2023-06-11T19:33:12.000Z,https://universalis.app/market/5348
2830,Reinforced Mythril Elmo,Sinni Myval,49999,1,2023-06-13T18:22:51.000Z,https://universalis.app/market/2830
2832,Woolen Cavalier's Hat,Cali Klepto,25000,1,2023-07-02T20:48:06.000Z,https://universalis.app/market/2832
2834,Cobalt Preserves,Annikah Hansen,25000,1,2023-06-23T14:14:47.000Z,https://universalis.app/market/2834
2835,Felt Coif,Shuleyn Elilnebbwyn,8999,1,2023-06-14T02:21:08.000Z,https://universalis.app/market/2835
2837,Felt Coif of Gathering,Ultra'a Sodapop,19997,1,2023-06-13T08:46:33.000Z,https://universalis.app/market/2837
2850,Cobalt Elmo,Shuleyn Elilnebbwyn,9999,1,2023-06-15T21:09:51.000Z,https://universalis.app/market/2850
2852,Felt Hat,Freya Varlineau,12000,1,2023-06-11T18:54:13.000Z,https://universalis.app/market/2852
2854,Woolen Deerstalker,Kazan Fallen,15250,1,2023-06-12T00:40:08.000Z,https://universalis.app/market/2854
2855,Vintage Jester's Cap,Dino Punch-kick,22000,1,2023-06-15T00:12:57.000Z,https://universalis.app/market/2855
2702,Moldering Jester's Cap,Risa Pizza,7000,1,2023-07-08T04:53:58.000Z,https://universalis.app/market/2702
5087,Brass Rings,Cold Warm,800,2,2023-06-18T11:19:16.000Z,https://universalis.app/market/5087
2859,Cobalt Barbut,Chiyuri Lockheart,10000,1,2023-06-18T20:50:00.000Z,https://universalis.app/market/2859
2861,Cobalt Mesail,Shuleyn Elilnebbwyn,10053,1,2023-06-27T02:22:41.000Z,https://universalis.app/market/2861
2862,Raptorskin Pot Helm,Kesai Makino,9000,1,2023-07-05T22:52:32.000Z,https://universalis.app/market/2862
2870,Electrum Circlet (Rubellite),Uinen Lamer,31000,1,2023-06-15T20:37:55.000Z,https://universalis.app/market/2870
2872,Electrum Circlet (Zircon),Rois Dewinter,36950,1,2023-07-03T22:18:03.000Z,https://universalis.app/market/2872
2874,Electrum Circlet (Tourmaline),Shinobu Aragaki,6880,1,2023-06-15T07:41:26.000Z,https://universalis.app/market/2874
2876,Electrum Circlet (Amber),Nikolas Braelin,30000,1,2023-07-03T19:44:59.000Z,https://universalis.app/market/2876
2878,Electrum Circlet (Spinel),Jesting Griffin,2000000,1,2023-07-04T06:15:43.000Z,https://universalis.app/market/2878
2880,Electrum Circlet (Turquoise),Hazel Owsla,799,1,2023-07-07T00:46:59.000Z,https://universalis.app/market/2880
2882,Rainmaker's Hat,Hattie Hickinbottom,15000,1,2023-06-29T00:54:02.000Z,https://universalis.app/market/2882
2884,Cobalt Chain Coif,Esen Durai,3999,1,2023-06-14T12:24:23.000Z,https://universalis.app/market/2884
5084,Cobalt Rings,Altar Gallyn,2400,2,2023-06-11T13:41:07.000Z,https://universalis.app/market/5084
2886,Felt Beret,Belit Qestir,22000,1,2023-06-14T15:36:49.000Z,https://universalis.app/market/2886
2888,Vintage Coif,Ayame Haragin,25000,1,2023-06-15T13:10:01.000Z,https://universalis.app/market/2888
2759,Torn Coif,Kyrie Arkenell,9998,1,2023-06-14T01:47:40.000Z,https://universalis.app/market/2759
2889,Cobalt Celata,Dino Punch-kick,1000,1,2023-06-16T17:23:01.000Z,https://universalis.app/market/2889
2891,Felt Cavalier's Hat,Shuleyn Elilnebbwyn,30000,1,2023-06-18T10:52:17.000Z,https://universalis.app/market/2891
2893,Cobalt Sallet,Root Bubba'g,25000,1,2023-06-25T07:01:32.000Z,https://universalis.app/market/2893
2895,Patrician's Wedge Cap,Echo Saffron,49999,1,2023-06-16T06:47:42.000Z,https://universalis.app/market/2895
2911,Militia Barbut,Loki Soulscar,9000,1,2023-06-15T13:38:29.000Z,https://universalis.app/market/2911
2912,Militia Armet,Spllyn Iam,1995,1,2023-07-01T00:26:49.000Z,https://universalis.app/market/2912
2913,Militia Hat,Brain Broken,1400,1,2023-06-13T16:05:37.000Z,https://universalis.app/market/2913
2915,Silver Tricorne,Veneria Foreshadow,9257,1,2023-07-05T21:41:49.000Z,https://universalis.app/market/2915
5287,Uraeus Leather,Ayla Qayin,7500,10,2023-06-24T09:16:25.000Z,https://universalis.app/market/5287
2920,Carpenter's Hood,Eun Eryuell,29950,1,2023-06-17T10:17:55.000Z,https://universalis.app/market/2920
2921,Blacksmith's Goggles,Yuki Kamui,50000,1,2023-06-30T01:11:03.000Z,https://universalis.app/market/2921
2922,Armorer's Visor,Tiamat Dragonhart,5000,1,2023-06-15T06:15:31.000Z,https://universalis.app/market/2922
2923,Goldsmith's Turban,Aly Non,39200,1,2023-06-26T03:07:52.000Z,https://universalis.app/market/2923
2927,Culinarian's Hat,Astrella Erigon,49065,1,2023-06-18T07:15:26.000Z,https://universalis.app/market/2927
2928,Hamlet Digger's Helmet,Bkilla Iravage,40072,1,2023-06-14T23:00:27.000Z,https://universalis.app/market/2928
2930,Hamlet Puller's Hat,Emilia Deckard,22000,1,2023-06-14T04:42:59.000Z,https://universalis.app/market/2930
2932,Rose Gold Circlet,Rose Eifaentwyn,2700,1,2023-06-24T07:52:23.000Z,https://universalis.app/market/2932
2931,Legionary Visor,Wisty Faelira,18000000,1,2023-06-20T20:18:55.000Z,https://universalis.app/market/2931
5067,Rose Gold Ingot,Yennekar Rothstaylor,2995,1,2023-06-15T17:16:03.000Z,https://universalis.app/market/5067
2938,Gryphonskin Bandana,Bella Zae,1900,1,2023-06-30T00:57:58.000Z,https://universalis.app/market/2938
5289,Hard Hippogryph Leather,Yshara Eridan,6000,1,2023-06-27T03:30:47.000Z,https://universalis.app/market/5289
2940,Darksteel Chain Coif,Khit Renaud,2000,1,2023-06-13T01:36:18.000Z,https://universalis.app/market/2940
5085,Darksteel Rings,Surly Panther,998,1,2023-06-17T00:24:48.000Z,https://universalis.app/market/5085
2941,Vanya Hat of Casting,Han Catastrophii,9999,1,2023-07-04T00:10:06.000Z,https://universalis.app/market/2941
5577,Vanya Silk Hat Lining,Didrianna Winterset,2024,2,2023-07-06T02:05:37.000Z,https://universalis.app/market/5577
2942,Vanya Hat of Healing,Luka Mikama,4895,1,2023-07-05T13:05:09.000Z,https://universalis.app/market/2942
2958,Hempen Dalmatica,Honey Bourbon,2000,1,2023-06-11T21:50:50.000Z,https://universalis.app/market/2958
2959,Hempen Dalmatica of Gathering,Delidoga Santoro,500,1,2023-07-07T20:58:48.000Z,https://universalis.app/market/2959
2960,Hempen Tunic,Prince Dios,4500,1,2023-06-24T12:46:44.000Z,https://universalis.app/market/2960
2961,Hempen Kurta,Rue Bix-kyoob,200,1,2023-07-01T03:41:14.000Z,https://universalis.app/market/2961
2993,Company Tabard,Rinie Nakano,1845000,1,2023-06-15T22:52:44.000Z,https://universalis.app/market/2993
2996,Hempen Undershirt,Fat Baby,25000000,1,2023-07-03T02:27:14.000Z,https://universalis.app/market/2996
2997,Hempen Camise,Alana Mystranquil,100000000,1,2023-07-03T16:59:11.000Z,https://universalis.app/market/2997
2999,Hempen Tabard,Kaya Runway,23000,1,2023-06-12T17:09:30.000Z,https://universalis.app/market/2999
3000,Hempen Cowl,Mocha Roundbottom,1000,1,2023-06-21T16:52:15.000Z,https://universalis.app/market/3000
3001,Hempen Shepherd's Tunic,Winnie Winston,5846,1,2023-06-17T19:06:18.000Z,https://universalis.app/market/3001
3008,Hempen Acton,G'baelf Naasade,4000000,1,2023-06-28T04:56:26.000Z,https://universalis.app/market/3008
5341,Moko Grass,Ashwin Sharma,250000,1,2023-07-02T16:28:53.000Z,https://universalis.app/market/5341
3010,Hempen Halfrobe,Monk Key,13500,1,2023-07-05T09:28:04.000Z,https://universalis.app/market/3010
3011,Bronze Haubergeon,Xalia Relanah,10000,1,2023-06-11T19:29:13.000Z,https://universalis.app/market/3011
3013,Amateur's Doublet Vest,Adasser Hansusdottir,10000,1,2023-06-19T00:40:14.000Z,https://universalis.app/market/3013
3014,Amateur's Kurta,Krissy Creighton,125,1,2023-07-01T19:47:33.000Z,https://universalis.app/market/3014
3015,Amateur's Dalmatica,Daphne Mae,9900,1,2023-07-07T21:40:02.000Z,https://universalis.app/market/3015
3016,Leather Jacket,Dezkiimro Avagnar,5000,1,2023-06-14T08:32:54.000Z,https://universalis.app/market/3016
3017,Hard Leather Harness,Arbor Ataraxia,35000,1,2023-06-30T00:30:00.000Z,https://universalis.app/market/3017
3018,Hempen Robe,Ultra'a Sodapop,5750,1,2023-06-15T03:25:14.000Z,https://universalis.app/market/3018
3019,Hempen Doublet Vest of Crafting,Vast Bear,15000,1,2023-06-17T22:23:40.000Z,https://universalis.app/market/3019
3020,Hempen Doublet Vest of Gathering,Kennedy Meadow,8456,1,2023-06-13T18:12:43.000Z,https://universalis.app/market/3020
3022,Cotton Shirt,Veneria Foreshadow,9000,1,2023-06-15T05:06:46.000Z,https://universalis.app/market/3022
3023,Cotton Shepherd's Tunic,Kira Kaibyo,8000,1,2023-06-14T23:05:57.000Z,https://universalis.app/market/3023
3024,Cotton Cowl,Cookie Monstr,30000000,1,2023-06-19T05:51:11.000Z,https://universalis.app/market/3024
3026,Bronze Cuirass,Baldurs Il,10,1,2023-06-26T19:26:45.000Z,https://universalis.app/market/3026
3028,Cotton Tabard,Tuasun Chaontis,19000000,1,2023-06-26T05:23:15.000Z,https://universalis.app/market/3028
3036,Cotton Dalmatica,Adora Trevelyan,15000,1,2023-07-04T21:40:56.000Z,https://universalis.app/market/3036
3038,Cotton Dalmatica of Gathering,Zuka Kun,13000,1,2023-06-17T04:40:53.000Z,https://universalis.app/market/3038
3039,Cotton Acton,Amber Wood,29999,1,2023-06-11T10:31:33.000Z,https://universalis.app/market/3039
3041,Cotton Kurta,Ciel Bleu,5000,1,2023-06-15T08:46:21.000Z,https://universalis.app/market/3041
3043,Goatskin Jacket,Dusk Evenfall,899,1,2023-06-19T14:42:19.000Z,https://universalis.app/market/3043
3045,Iron Cuirass,Bella Zae,9000,1,2023-07-01T22:31:37.000Z,https://universalis.app/market/3045
3050,Cotton Halfrobe,Fi Liaforte,6000,1,2023-06-14T19:15:44.000Z,https://universalis.app/market/3050
3052,Cotton Doublet Vest of Crafting,Ragna Valgos,39999,1,2023-06-19T19:10:12.000Z,https://universalis.app/market/3052
3053,Cotton Doublet Vest of Gathering,Arcale D'averum,35000,1,2023-07-06T04:10:35.000Z,https://universalis.app/market/3053
3057,Iron Scale Mail,Crimwol Scorchex,9850,1,2023-06-23T19:57:30.000Z,https://universalis.app/market/3057
3060,Cotton Trapper's Tunic,Valek Thunderfist,5000,1,2023-06-13T23:06:17.000Z,https://universalis.app/market/3060
3062,Cotton Robe,Spyrit Andras,19999,1,2023-06-28T10:28:12.000Z,https://universalis.app/market/3062
3064,Initiate's Doublet Vest,Adora Trevelyan,30000,1,2023-07-06T00:16:20.000Z,https://universalis.app/market/3064
3065,Initiate's Gown,Krazed Shadow,4995,1,2023-07-03T05:46:34.000Z,https://universalis.app/market/3065
3066,Velveteen Shirt,Brave Sparrow,50000,1,2023-07-08T05:52:30.000Z,https://universalis.app/market/3066
3068,Heavy Iron Armor,Epheria Silferia,29300400,1,2023-06-17T03:38:19.000Z,https://universalis.app/market/3068
3076,Vintage Coatee,Luka Mikama,50000,1,2023-07-05T13:43:21.000Z,https://universalis.app/market/3076
3077,Velveteen Coatee of Crafting,Anida Lemon,23999,1,2023-06-15T01:17:35.000Z,https://universalis.app/market/3077
3090,Velveteen Cowl,Kyugunjin X',777772,1,2023-06-25T00:11:15.000Z,https://universalis.app/market/3090
3092,Velveteen Coatee of Gathering,Keaira Slater,15000,1,2023-06-15T02:38:33.000Z,https://universalis.app/market/3092
3096,Steel Chainmail,Keegan Locke,29999,1,2023-06-13T16:53:19.000Z,https://universalis.app/market/3096
5083,Steel Rings,Honey Bourbon,500,1,2023-06-11T21:12:13.000Z,https://universalis.app/market/5083
3099,Toadskin Jerkin,Thadious Soletscutum,10000,1,2023-06-23T14:15:54.000Z,https://universalis.app/market/3099
3100,Toadskin Jacket,Ultra'a Sodapop,29998,1,2023-06-14T12:17:54.000Z,https://universalis.app/market/3100
3102,Steel Cuirass,Honey Bourbon,10000,1,2023-06-11T21:10:44.000Z,https://universalis.app/market/3102
3104,Velveteen Gown,Princess Moonbow,12000,1,2023-06-17T04:35:13.000Z,https://universalis.app/market/3104
3105,Vintage Doublet Vest,Granny Butterfly,27000,1,2023-06-28T07:01:29.000Z,https://universalis.app/market/3105
2998,Frayed Cotton Doublet Vest,Dragen Rhaegar,13900,1,2023-06-11T01:19:35.000Z,https://universalis.app/market/2998
3106,Velveteen Robe,Dahlia Belrose,70000,1,2023-06-18T22:47:22.000Z,https://universalis.app/market/3106
3118,Steel Scale Mail,Fuji Yokimoni,17000,1,2023-06-13T10:43:24.000Z,https://universalis.app/market/3118
3120,Velveteen Doublet Vest of Crafting,Yuki Kamui,34999,1,2023-06-29T07:44:11.000Z,https://universalis.app/market/3120
3121,Velveteen Doublet Vest of Gathering,Sorceress Knight,15250,1,2023-07-01T12:37:13.000Z,https://universalis.app/market/3121
3125,Linen Shirt,Gathering Sins,48000000,1,2023-06-15T01:02:42.000Z,https://universalis.app/market/3125
3127,Heavy Steel Armor,Forseti Eckesachs,4999,1,2023-06-16T00:41:10.000Z,https://universalis.app/market/3127
3131,Linen Robe,L'ux Aeterna,10000000,1,2023-06-19T07:40:58.000Z,https://universalis.app/market/3131
3137,Vintage Chef's Apron,Alina Drajeel,25000,1,2023-07-03T17:20:44.000Z,https://universalis.app/market/3137
3012,Stained Chef's Apron,Diggie Bloodmoon,10000,1,2023-06-21T23:03:19.000Z,https://universalis.app/market/3012
3138,Boarskin Harness,Sylvie Hana,20000,1,2023-07-01T03:51:09.000Z,https://universalis.app/market/3138
3140,Linen Cowl,Danny Astle,19999,1,2023-06-19T05:37:30.000Z,https://universalis.app/market/3140
3142,Horn Scale Mail,Ladislas Braddock,45000,1,2023-06-21T06:31:21.000Z,https://universalis.app/market/3142
3144,Linen Coatee of Crafting,Aria Castellan,29999,1,2023-07-01T02:41:07.000Z,https://universalis.app/market/3144
3145,Linen Coatee of Gathering,Rorobin Fishy,18249,1,2023-06-21T20:19:19.000Z,https://universalis.app/market/3145
3146,Linen Bliaud,Not Lynx,16000,1,2023-06-14T06:53:14.000Z,https://universalis.app/market/3146
3147,Woolen Shirt,Veneria Foreshadow,19999,1,2023-07-05T17:20:10.000Z,https://universalis.app/market/3147
3149,Mythril Cuirass,Hakai Subete,49999,1,2023-06-28T03:19:28.000Z,https://universalis.app/market/3149
3160,Woolen Robe,Tessa Rose,24000,1,2023-07-06T18:32:41.000Z,https://universalis.app/market/3160
3162,Linen Smock,Sum Yumi,105000000,1,2023-06-17T04:27:48.000Z,https://universalis.app/market/3162
3163,Linen Doublet,Spook Kirijo,35000,1,2023-07-02T00:23:58.000Z,https://universalis.app/market/3163
3164,Vintage Scale Mail,Agent Undercover,19999,1,2023-06-19T17:16:26.000Z,https://universalis.app/market/3164
3021,Blackened Scale Mail,Lynnarei Liheart,10000,1,2023-06-12T01:18:20.000Z,https://universalis.app/market/3021
3165,Peisteskin Harness,Mech Lemon,21250,1,2023-06-19T17:34:43.000Z,https://universalis.app/market/3165
3172,Ranger's Tunic,Else Waylon,5000,1,2023-06-25T04:17:05.000Z,https://universalis.app/market/3172
3174,Mythril Haubergeon,Lunaros Mendrithi,4000,1,2023-06-22T19:34:13.000Z,https://universalis.app/market/3174
3176,Woolen Gown,Lyra Duleau,39999,1,2023-06-24T06:15:28.000Z,https://universalis.app/market/3176
3177,Boarskin Jerkin,Vhalla Curar,30000,1,2023-06-11T23:06:47.000Z,https://universalis.app/market/3177
3178,Woolen Bliaud,Nova Mamis,60000,1,2023-06-12T06:14:58.000Z,https://universalis.app/market/3178
3180,High Mythril Armor,Selene Amaris,20079,1,2023-06-11T05:32:36.000Z,https://universalis.app/market/3180
3182,Vintage Seneschal Coatee,Arthur Light,50000,1,2023-06-10T21:53:47.000Z,https://universalis.app/market/3182
3098,Moth-eaten Seneschal Coatee,Shogai Kyosaku,50064,1,2023-06-21T00:43:08.000Z,https://universalis.app/market/3098
3183,Tortoiseshell Scale Mail,Archamedis Kagon,17594,1,2023-06-15T20:17:29.000Z,https://universalis.app/market/3183
3185,Felt Robe,Shinobu Aragaki,22900,1,2023-07-02T00:44:44.000Z,https://universalis.app/market/3185
3187,Woolen Smock,Kazan Fallen,19999,1,2023-06-12T00:40:16.000Z,https://universalis.app/market/3187
3188,Woolen Doublet,Hitomi Cadmus,27999,1,2023-06-22T23:49:07.000Z,https://universalis.app/market/3188
3191,Raptorskin Harness,Apple Bees,9800,1,2023-06-15T21:16:48.000Z,https://universalis.app/market/3191
3193,Woolen Cowl,Soymilk Skyia,15000,1,2023-06-18T23:42:03.000Z,https://universalis.app/market/3193
3201,Rainmaker's Tunic,Jykell Sega,40000,1,2023-06-17T23:18:17.000Z,https://universalis.app/market/3201
3203,Cobalt Haubergeon,Toxic Potato,48899,1,2023-06-17T15:05:43.000Z,https://universalis.app/market/3203
3205,Felt Gown,Belit Qestir,67900,1,2023-06-14T15:37:01.000Z,https://universalis.app/market/3205
3206,Raptorskin Jerkin,Sayana Himaa,49999,1,2023-06-17T10:59:44.000Z,https://universalis.app/market/3206
3208,Vintage Robe,Glynda Windynn,26000,1,2023-06-11T08:41:00.000Z,https://universalis.app/market/3208
3108,Tattered Robe,Glynda Windynn,5000,1,2023-06-11T02:13:58.000Z,https://universalis.app/market/3108
3209,Cobalt Cuirass,Familiar Knight,10526,1,2023-06-19T06:34:06.000Z,https://universalis.app/market/3209
3211,Felt Bliaud,Valaya Yswarra,40000,1,2023-06-21T02:46:19.000Z,https://universalis.app/market/3211
3213,Raptorskin Jacket,Evelynn Yui,34994,1,2023-07-04T13:43:20.000Z,https://universalis.app/market/3213
3215,Patrician's Coatee,Ahara Star,44999,1,2023-06-27T20:36:45.000Z,https://universalis.app/market/3215
3218,Vintage Haubergeon,Khartukh Buduga,20000,1,2023-06-15T11:26:29.000Z,https://universalis.app/market/3218
3229,Carpenter's Gown,Ke'rito Yuki,9999,1,2023-06-20T15:51:33.000Z,https://universalis.app/market/3229
3230,Blacksmith's Apron,Klaus Ironwolfe,18400,1,2023-06-29T03:40:08.000Z,https://universalis.app/market/3230
3231,Armorer's Gown,Tiamat Dragonhart,65000,1,2023-06-15T06:16:14.000Z,https://universalis.app/market/3231
3234,Weaver's Swallowtail,Waka Furen,85000,1,2023-06-12T01:58:16.000Z,https://universalis.app/market/3234
3236,Culinarian's Apron,Kieran Corvinus,49998,1,2023-06-30T19:01:52.000Z,https://universalis.app/market/3236
3237,Miner's Shirt,Bkilla Iravage,70000,1,2023-06-14T16:45:03.000Z,https://universalis.app/market/3237
3239,Fisher's Shirt,Xylienne Al'vere,65000,1,2023-06-18T19:56:24.000Z,https://universalis.app/market/3239
3240,Militia Robe,Ayame Haragin,400,1,2023-06-15T04:54:37.000Z,https://universalis.app/market/3240
3241,Militia Cuirass,Seras Vikutoria,9999,1,2023-06-11T08:38:10.000Z,https://universalis.app/market/3241
3242,Militia Harness,Loki Soulscar,25000,1,2023-06-15T13:38:11.000Z,https://universalis.app/market/3242
3243,Mosshorn Scale Mail,Nic Soma,4978,1,2023-06-23T02:42:54.000Z,https://universalis.app/market/3243
5437,Mossy Horn,Novus Kuromatsu,1100,1,2023-06-19T04:54:49.000Z,https://universalis.app/market/5437
3244,Dodore Doublet,Krazed Shadow,99999,1,2023-07-04T17:17:59.000Z,https://universalis.app/market/3244
5286,Dodore Leather,Ayla Qayin,4000,2,2023-06-24T09:19:38.000Z,https://universalis.app/market/5286
3249,Imperial Operative Dalmatica,God Sama,1999,1,2023-06-18T21:31:16.000Z,https://universalis.app/market/3249
3256,Heavy Darksteel Armor,Cobio Xander,12000,1,2023-07-04T14:14:58.000Z,https://universalis.app/market/3256
5585,Darksteel Breastplate,Azir Shuross,3000,1,2023-07-01T08:52:54.000Z,https://universalis.app/market/5585
3257,Darksteel Haubergeon,Koznhevikova Rhiikoro,1000,1,2023-06-16T20:04:11.000Z,https://universalis.app/market/3257
5105,Garlean Steel Plate,Revali Swiftblade,2403,1,2023-06-15T18:07:33.000Z,https://universalis.app/market/5105
3258,Gryphonskin Jerkin,Arisu Kaisuri,2500,1,2023-06-12T17:58:06.000Z,https://universalis.app/market/3258
5290,Coeurl Fur,Dezz Riva,200,1,2023-06-11T15:30:49.000Z,https://universalis.app/market/5290
5581,Gryphonskin Shoulder Guards,Didrianna Winterset,2000,2,2023-06-15T03:01:02.000Z,https://universalis.app/market/5581
3259,Gryphonskin Tunic,Daisy Bunn,700,1,2023-06-17T02:40:19.000Z,https://universalis.app/market/3259
5104,Garlean Steel Joint,Folkvar Egir,8000,4,2023-06-18T16:29:35.000Z,https://universalis.app/market/5104
3260,Vanya Robe of Casting,Vile Luminaire,3332,1,2023-06-15T02:04:43.000Z,https://universalis.app/market/3260
5578,Vanya Silk Robe Lining,Didrianna Winterset,2100,2,2023-07-06T02:05:49.000Z,https://universalis.app/market/5578
3261,Vanya Robe of Healing,Didrianna Winterset,1152,1,2023-06-17T03:09:04.000Z,https://universalis.app/market/3261
3275,Hempen Breeches of Crafting,Titanium Tiddies,30000,1,2023-06-25T02:57:46.000Z,https://universalis.app/market/3275
3276,Hempen Shepherd's Slops,Dr Weenie,38000,1,2023-06-25T01:52:12.000Z,https://universalis.app/market/3276
3307,Hempen Underpants,Maya Bloodraven,6000,1,2023-06-11T19:04:13.000Z,https://universalis.app/market/3307
3308,Hempen Pantalettes,Epheria Silferia,70000000,1,2023-06-17T07:22:04.000Z,https://universalis.app/market/3308
3309,Hempen Chausses,Roa Nightingale,10000,1,2023-06-25T03:25:06.000Z,https://universalis.app/market/3309
3310,Leather Culottes,Gelsi Balkan,5000,1,2023-06-21T23:19:02.000Z,https://universalis.app/market/3310
3311,Hempen Sarouel,Elandur Aerendil,2000,1,2023-07-03T22:48:50.000Z,https://universalis.app/market/3311
3312,Hempen Tights,Monk Key,1700,1,2023-07-05T09:28:46.000Z,https://universalis.app/market/3312
3313,Hempen Kecks,Sky Ice,300,1,2023-06-14T18:18:42.000Z,https://universalis.app/market/3313
